3408 4926
1115 596 1352 641 Lam-10
1384 596 1487 639 111.

783 749 870 825 *In
898 742 1234 827 disciplina
1262 752 1679 826 perseverate.
1742 744 1891 807 Om-

703 828 802 895 nis
831 843 1044 895 autem
1093 827 1432 911 disciplina
1473 824 1542 891 in
1593 826 1890 912 praesenti

703 916 953 999 quidem
1000 913 1240 980 videtur
1301 933 1432 974 non
1485 930 1618 973 esse
1648 912 1895 993 gaudii,

1918 490 1960 555 4

700 998 809 1063 sed
839 997 1135 1065 moeroris:
1198 1000 1420 1080 postea
1477 1006 1692 1059 autem
1722 998 1888 1059 fruc·
1920 1045 1925 1051 .

701 1095 838 1150 tum
872 1080 1340 1168 pacatissimum
1381 1079 1745 1143 exercitatis
1775 1101 1889 1163 per

703 1188 868 1248 eam,
899 1167 1114 1230 reddet
1129 1165 1414 1249 justitiae.
1434 1164 1699 1246 Propter
1724 1164 1890 1249 quod

701 1254 985 1317 remissas
1015 1268 1260 1331 manus,
1313 1248 1613 1314 etseluta·
1668 1252 1889 1330 genua
1925 1294 1931 1299 .

699 1336 941 1417 erigite,
969 1346 1037 1398 et
1063 1351 1306 1417 gressus
1327 1343 1531 1395 rectos
1551 1331 1741 1396 facite
1773 1338 1889 1415 pe-

699 1420 880 1485 dib'us
911 1422 1151 1485 vestris:
1209 1430 1280 1482 ut
1331 1436 1462 1479 non
1519 1416 1885 1479 claudicans

701 1504 834 1585 quis
864 1515 1045 1586 erret,
1093 1502 1290 1585 magis
1347 1512 1558 1565 autem
1603 1512 1885 1571 sanetur.

702 1589 935 1651 Pacem
963 1586 1298 1669 sequimini
1319 1599 1462 1649 cum·
1485 1583 1795 1665 omnibus,
1818 1596 1884 1645 et

697 1671 1193 1754 sanctimoniam,
1244 1670 1374 1750 sine
1405 1689 1530 1755 qua
1561 1688 1747 1733 nemo
1774 1667 1887 1730 vi-e

697 1752 876 1822 debit
933 1758 1176 1841 Deum,
1217 1756 1739 1839 contemplantes,
1800 1770 1917 1840 ne·

700 1838 848 1921 quis
865 1840 1025 1903 desit
1051 1839 1272 1927 gratiae
1302 1840 1444 1903 Dei:
1505 1856 1588 1901 ne
1619 1858 1747 1923 qua
1778 1856 1883 1900 ra-

681 1922 809 1999 dix
867 1924 1298 1989 amaritudinis
1355 1944 1598 1987 sursum
1652 1918 1883 2003 germi-

679 2014 866 2071 -nans
895 2008 1218 2092 impediat,
1245 2020 1314 2071 et
1344 2007 1652 2091 perillam
1673 2004 1882 2087 inqui-

700 2103 932 2155 nentur
961 2092 1167 2157 multi.
1215 2094 1315 2155 Ne
1347 2090 1488 2173 quis
1516 2088 1881 2169 fornicator,

704 2188 815 2239 aut
843 2178 1148 2259 profanus
1177 2188 1250 2238 ut
1273 2178 1468 2251 Esau:
1493 2174 1602 2257 qui
1673 2185 1883 2255 ropter

699 2268 898 2333 unam
953 2279 1160 2324 escam
1217 2257 1500 2323 vendidit
1565 2278 1610 2341 p
1644 2255 1888 2321 imitiva

701 2362 838 2407 sua.
1637 2359 1644 2365 ·
1826 2402 1836 2414 ,

713 2462 728 2471 ·
789 2430 884 2494 R.·
964 2427 1322 2495 Praedicans
1355 2425 1641 2511 Gaptivis
1668 2426 1882 2490 indul-

699 2515 1008 2596 gentiam,
1068 2513 1490 2577 etc‘onsolans
1536 2531 1752 2575 omnes
1782 2512 1885 2577 lu·-

699 2605 946 2680 gentes,
995 2598 1247 2662 dicebat
1289 2597 1399 2660 eis:
1462 2595 1676 2660 Filioli
1736 2597 1881 2670 mei,

699 2681 896 2746 nolite
953 2682 1274 2764 negligere
1305 2678 1702 2766 disciplinam
1752 2682 1912 2743 D6·'

701 2763 881 2845 mini.
945 2769 980 2806 ⁸*
1016 2768 1226 2840 Quem
1257 2765 1422 2830 enim
1449 2765 1654 2848 diligit
1685 2766 1881 2846 Deus,

700 2850 986 2932 castig-an
1008 2851 1194 2933 flagei
1203 2853 1292 2914 lat
1311 2863 1520 2915 autem
1541 2868 1788 2913 omnem
1808 2850 1883 2910 fi-

701 2934 879 3017 lium,
911 2947 1095 3017 quem
1124 2937 1374 3017 recipit.

787 3019 868 3082 V.
959 3020 1218 3102 Propter
1248 3019 1416 3104 quod
1435 3019 1721 3082 remissas
1750 3035 1883 3081 ma-

703 3101 848 3182 rius,
903 3112 968 3166 et
1015 3106 1217 3166 soluta
1258 3108 1478 3182 genua
1525 3099 1785 3182 erigite,-
1818 3112 1886 3162 ‘et

699 3192 958 3267 gressus
977 3197 1170 3250 rectos
1227 3187 1414 3248 facite
1443 3184 1715 3268 pedibus
1742 3203 1883 3246 ves-

702 3268 835 3335 tris.
898 3271 1106 3344 Quem
1157 3267 1318 3333 enim
1347 3267 1575 3351 diligit.
1668 3266 1885 3334 Gloria

695 3349 899 3420 Patri.
959 3355 1174 3434 Quem
1201 3353 1372 3442 enim
1400 3353 1629 3436 diligit.

815 3621 822 3630 ⁶
917 3526 1011 3590 IN
1045 3525 1110 3588 11
1143 3523 1669 3588 NOOTURNO.
1760 3472 1767 3480 ⁴

713 3715 737 3726 ·
771 3689 1065 3782 'Aniipla
1130 3699 1406 3780 Sperans
1463 3694 1531 3758 in
1585 3689 1882 3772 Domino,

700 3782 1072 3850 sacrificavit
1099 3783 1159 3846 ei
1205 3779 1573 3844 sacrificinm
1593 3774 1884 3862 justitiae,

701 3867 963 3932 reddens
991 3865 1306 3930 Altiss'imo
1336 3862 1483 3928 vota
1511 3883 1648 3924 sua.
1730 3891 1737 3898 =
1832 3891 1835 3894 ⁴

717 3973 731 3983 ·
759 3948 1034 4018 “Psalml
1069 3953 1230 4018 Cum
1261 3947 1648 4012 invocarem.

666 4087 670 4092 .
717 4035 754 4068 ‘-
789 4031 1067 4122 antiph.
1132 4031 1343 4113 Magis
1365 4031 1634 4111 'eligens
1693 4027 1883 4110 affligi

702 4119 844 4183 cum
874 4117 1113 4202 populo
1145 4121 1289 4198 Dei,
1349 4135 1537 4200 quam
1567 4114 1883 4196 tempora-

637 4220 644 4226 ·
701 4203 780 4267 lis
810 4204 1058 4287 peccati
1079 4247 1084 4252 -
1107 4201 1336 4277 h'abere
1389 4197 1882 4282 jucunditatem,

703 4285 983 4352 introivit
1012 4285 1078 4349 in
1109 4285 1358 4350 domum
1389 4282 1526 4347 Dei.

2059 578 2303 643 ‚Psalm.
2330 578 2540 643 Verba
2568 598 2729 643 mea.

2058 662 2335 746 Antipk.
2384 662 2625 727 Videbo
2654 662 2846 727 coelos
2874 667 3159 747 apertos,

1972 746 2116 829 quia
2140 746 2206 809 in
2237 766 2419 809 cruce
2480 751 2797 810 confessus
2826 746 2917 811 fui
2952 746 3162 811 admi—

1972 828 2168 893 rabile
2200 852 2435 893 nomen
2460 844 2664 912 tuum,
2694 830 2989 895 Domine.

2057 917 2301 979 Psalm.
2339 918 2501 979 Diie.
2538 918 2737 980 Di‘ius.
2770 927 3001 979 noster.

2057 1000 2138 1063 V.
2231 999 2431 1085 Cupio
2462 999 2737 1083 dissolvi,
2768 1012 2835 1063 et
2862 1018 2995 1060 esse
3014 1016 3162 1061 cum

1974 1082 2249 1150 Christo..

2057 1169 2140 1231 R.
2232 1166 2391 1231 Mihi
2420 1168 2592 1233 enim
2630 1169 2837 1234 vivere
2868 1170 3157 1237 Christus

1970 1262 2104 1332 est,
2122 1263 2183 1315 et
2208 1252 2363 1316 mori
2394 1252 2659 1317 lucrum·

2295 1405 2299 1410 ’
2380 1440 2621 1482 an'rro
2656 1440 2750 1483 1v.
2827 1431 2837 1445 “

2054 1588 2359 1672 Serapion
2390 1588 2649 1653 natione
2682 1590 2933 1675 Anglus
2963 1591 3149 1654 illus-

1968 1678 2055 1745 tri³
2076 1680 2309 1757 genere
2330 1685 2545 1755 natus,
2570 1672 2932 1739 adolescens
2946 1675 3009 1741 in
3032 1695 3145 1737 au-

1965 1765 2030 1827 la
2062 1758 2251 1825 Ducis
2312 1760 2603 1839 Austriae,
2666 1769 2736 1820 ut
2792 1758 3147 1852 perhibent,

1966 1847 2264 1911 educatus
2292 1854 2409 1924 est,
2441 1843 2655 1928 reique
2685 1842 2938 1907 militari
2996 1846 3148 1926 ope-

1964 1952 2097 1995 ram
2124 1926 2316 1991 dedit.
2352 1929 2426 1991 In
2460 1926 2833 2009 Hispaniam
2878 1948 3020 1989 cum
3051 1926 3146 2009 ip-

1965 2036 2035 2079 so
2066 2016 2267 2093 Duce,
2298 2010 2619 2094 suppetias
2646 2012 2974 2093 Alphonso
2998 2012 3147 2074 Cas-

1967 2099 2137 2163 tellae
2156 2095 2317 2180 Regi
2339 2094 2633 2159 adversus
2654 2095 2936 2158 infideles
2960 2096 3155 2157 Mau-

1965 2204 2061 2245 ros
2084 2185 2316 2245 ferente
2336 2182 2669 2261 profectus,
2690 2178 2773 2239 ibi
2792 2176 3023 2239 diutius
3040 2177 3155 2239 sti-

1966 2266 2201 2349 pendia
2228 2266 2435 2326 facere
2488 2260 2824 2340 constituit,
2872 2260 3151 2322 occasio-

1964 2366 2111 2413 nem
2140 2348 2401 2431 cupiens
2430 2366 2573 2409 cum
2603 2342 2919 2408 christiani
2944 2346 3153 2407 nomi-

1964 2434 2064 2498 nis
2118 2432 2396 2498 hostibus
2448 2426 2914 2512 congrediendi.
3004 2428 3160 2497 Voti

1965 2525 2220 2602 compos
2252 2535 2291 2578 a
2323 2518 2498 2578 Duce
2550 2515 2775 2592 factus,
2808 2511 2967 2575 etin
3002 2512 3160 2575 His·

1968 2604 2164 2686 pania
2187 2602 2463 2680 relictus,
2478 2600 2595 2661 sub
2614 2597 2949 2680 Alphonso
2976 2597 3163 2677 Rege

1968 2686 2211 2768 aliquot
2239 2685 2425 2746 annis
2455 2686 2520 2746 in
2553 2680 2889 2746 christiana
2922 2681 3043 2744 fide
3061 2681 3165 2742 di-

1968 2771 2220 2834 latenda.
2242 2773 2499 2834 strenue
2516 2764 2835 2838 militavit.
2860 2765 3021 2844 Cum
3038 2785 3162 2828 au-

1968 2866 2091 2918 tem
2122 2852 2189 2916 in
2217 2852 2570 2934 Religiosos
2622 2847 2873 2912 Ordinis
2928 2851 3163 2915 -Beatae

1970 2938 2194 3004 Mariae
2249 2937 2328 2998 de
2390 2933 2685 3000 Mercede
2718 2943 2872 2994 tunc
2930 2953 3161 2996 recens

1968 3023 2237 3086 instituti
2266 3041 2305 3083 a
2362 3019 2619 3085 Baeticae
2674 3015 2956 3100 partibus
3015 3037 3164 3082 cum

1972 3105 2254 3188 Captivis
2286 3103 2549 3167 reduces
2588 3105 2765 3164 'forte
2811 3099 3164 3183 incidisset,

1966 3189 2266 3274 ejusmodi
2300 3187 2601 3270 Captivos
2630 3183 2967 3246 redimendi
3016 3186 3166 3247 Ins-

1968 3275 2156 3339 tituto
2186 3276 2567 3355 magnopere
2626 3266 3003 3343 delectatus,
3044 3288 3169 3333 sa—

1969 3357 2246 3423 cratioris
2307 3357 2497 3438 hujus
2556 3349 2797 3418 militiae
2850 3349 3168 3415 desiderio

1970 3444 2161 3524 coepit
2198 3439 2473 3504 incendi.
2536 3449 2565 3476 ·‘
2792 3458 2799 3468 ·
2950 3467 2957 3474 ·
2990 3449 2997 3458 ·

1986 3560 1991 3568 ·
2055 3528 2138 3590 R.
2230 3527 2457 3588 Beatus
2488 3519 2794 3603 Serapion
2826 3519 2905 3582 de
2930 3518 3173 3584 militia

1970 3609 2309 3674 translatus
2339 3607 2405 3670 in
2440 3604 2777 3684 ·militiam‚
2832 3603 3168 3668 animosi-

1973 3691 2153 3756 tienti
2206 3693 2291 3754 ad
2324 3708 2607 3776 pugnam
2668 3707 2971 3770 egressus,
3030 3707 3179 3751 non

1970 3780 2273 3860 corporea
2302 3775 2540 3858 aliqua,
2592 3773 2698 3837 sed
2728 3773 2920 3836 sancti
2948 3769 3174 3854 ,Spiri-

1974 3873 2081 3923 tus·
2106 3867 2419 3925 armatura
2447 3879 2517 3924 se
2546 3855 2768 3923 induit:
2824 3857 2859 3892 ¹⁸
2896 3851 3184 3918 sustitia'

1969 3944 2226 4025 scilicet,
2256 3957 2322 4006 et
2352 3943 2529 4008 Fide.
2604 3957 2609 3964 ’
2890 3969 2898 3977 ·
3050 3975 3057 3980 ·

2053 4030 2135 4092 V.
2212 4027 2531 4102 Quoniam
2548 4044 2677 4089 non
2698 4023 3000 4087 adversus
3014 4035 3178 4082 cai-z.

1968 4133 2138 4194 nem,
2168 4123 2235 4176 et·
2262 4111 2660 4194 sanguinem,
2720 4107 2827 4170 sed
2857 4105 3183 4168 adversus

1971 4195 2394 4282 Principatus,
2424 4206 2490 4258 et
2512 4196 2869 4258 Potestates
2912 4187 3185 4254 bellu'm

1970 4285 2351 4369 susceperat.
2383 4276 2637 4346 Justitia
2664 4275 2920 4340 scilicet.
2988 4285 2993 4288 '
