<?xml version="1.0" encoding="UTF-8"?>
<!DOCTYPE html PUBLIC "-//W3C//DTD XHTML 1.0 Transitional//EN"
    "http://www.w3.org/TR/xhtml1/DTD/xhtml1-transitional.dtd">
<html xmlns="http://www.w3.org/1999/xhtml" xml:lang="en" lang="en">
 <head>
  <title>
</title>
<meta http-equiv="Content-Type" content="text/html;charset=utf-8" />
  <meta name='ocr-system' content='tesseract 3.04.00' />
  <meta name='ocr-capabilities' content='ocr_page ocr_carea ocr_par ocr_line ocrx_word'/>
</head>
<body>
  <div class='ocr_page' id='page_1' title='image "./officiaproprias03churgoog/officiaproprias03churgoog_0369.png"; bbox 0 0 3408 4926; ppageno 0'>
   <div class='ocr_carea' id='block_1_1' title="bbox 35 4777 84 4900">
    <p class='ocr_par' dir='ltr' id='par_1_1' title="bbox 35 4777 84 4900">
     <span class='ocr_line' id='line_1_1' title="bbox 35 4777 84 4900; textangle 90"><span class='ocrx_word' id='word_1_1' title='bbox 35 4777 84 4900; x_wconf 70' lang='lat'><strong>&#39;&#39;⁷-</strong></span> 
     </span>
    </p>
   </div>
   <div class='ocr_carea' id='block_1_2' title="bbox 1384 420 1466 485">
    <p class='ocr_par' dir='ltr' id='par_1_2' title="bbox 1384 420 1466 485">
     <span class='ocr_line' id='line_1_2' title="bbox 1384 420 1466 485; baseline 0 0"><span class='ocrx_word' id='word_1_2' title='bbox 1384 420 1466 485; x_wconf 88' lang='lat'><strong>19</strong></span> 
     </span>
    </p>
   </div>
   <div class='ocr_carea' id='block_1_3' title="bbox 618 524 976 567">
    <p class='ocr_par' dir='ltr' id='par_1_3' title="bbox 618 524 976 567">
     <span class='ocr_line' id='line_1_3' title="bbox 618 524 976 567; baseline 0 0"><span class='ocrx_word' id='word_1_3' title='bbox 618 524 858 567; x_wconf 79' lang='lat' dir='ltr'>LECTIO</span> <span class='ocrx_word' id='word_1_4' title='bbox 911 525 976 567; x_wconf 83' lang='lat' dir='ltr'><strong>V.</strong></span> 
     </span>
    </p>
   </div>
   <div class='ocr_carea' id='block_1_4' title="bbox 191 672 1392 2127">
    <p class='ocr_par' dir='ltr' id='par_1_4' title="bbox 191 672 1392 2115">
     <span class='ocr_line' id='line_1_4' title="bbox 289 672 1392 759; baseline -0.005 -16"><span class='ocrx_word' id='word_1_5' title='bbox 289 680 398 743; x_wconf 83' lang='lat' dir='ltr'><strong>Ex</strong></span> <span class='ocrx_word' id='word_1_6' title='bbox 429 695 551 759; x_wconf 92' lang='lat' dir='ltr'><strong>quo</strong></span> <span class='ocrx_word' id='word_1_7' title='bbox 601 674 777 737; x_wconf 88' lang='lat' dir='ltr'><strong>enim</strong></span> <span class='ocrx_word' id='word_1_8' title='bbox 828 672 1104 758; x_wconf 84' lang='lat' dir='ltr'><strong>ipsamet</strong></span> <span class='ocrx_word' id='word_1_9' title='bbox 1130 675 1284 757; x_wconf 83' lang='lat' dir='ltr'><strong>vita,</strong></span> <span class='ocrx_word' id='word_1_10' title='bbox 1317 695 1392 737; x_wconf 90' lang='lat' dir='ltr'><strong>ac</strong></span> 
     </span>
     <span class='ocr_line' id='line_1_5' title="bbox 197 722 1389 845; baseline -0.009 -14"><span class='ocrx_word' id='word_1_11' title='bbox 197 764 350 831; x_wconf 85' lang='lat' dir='ltr'><strong>vitae</strong></span> <span class='ocrx_word' id='word_1_12' title='bbox 383 765 589 826; x_wconf 89' lang='lat' dir='ltr'><strong>Autor</strong></span> <span class='ocrx_word' id='word_1_13' title='bbox 618 759 782 822; x_wconf 84' lang='lat' dir='ltr'><strong>inter</strong></span> <span class='ocrx_word' id='word_1_14' title='bbox 811 772 1087 825; x_wconf 87' lang='lat' dir='ltr'><strong>mortuos</strong></span> <span class='ocrx_word' id='word_1_15' title='bbox 1116 722 1389 845; x_wconf 70' lang='lat' dir='ltr'><strong>adsciip-</strong></span> 
     </span>
     <span class='ocr_line' id='line_1_6' title="bbox 199 843 1387 928; baseline -0.005 -16"><span class='ocrx_word' id='word_1_16' title='bbox 199 862 303 912; x_wconf 87' lang='lat' dir='ltr'><strong>tus</strong></span> <span class='ocrx_word' id='word_1_17' title='bbox 335 860 452 923; x_wconf 88' lang='lat' dir='ltr'><strong>est,</strong></span> <span class='ocrx_word' id='word_1_18' title='bbox 483 868 611 926; x_wconf 75' lang='lat' dir='ltr'><strong>e08,</strong></span> <span class='ocrx_word' id='word_1_19' title='bbox 671 844 776 928; x_wconf 91' lang='lat' dir='ltr'><strong>qui</strong></span> <span class='ocrx_word' id='word_1_20' title='bbox 807 843 873 906; x_wconf 91' lang='lat' dir='ltr'><strong>in</strong></span> <span class='ocrx_word' id='word_1_21' title='bbox 903 865 1015 926; x_wconf 87' lang='lat' dir='ltr'><strong>spe</strong></span> <span class='ocrx_word' id='word_1_22' title='bbox 1053 848 1387 909; x_wconf 87' lang='lat' dir='ltr'><strong>Resurrec-</strong></span> 
     </span>
     <span class='ocr_line' id='line_1_7' title="bbox 199 930 1387 1014; baseline -0.004 -18"><span class='ocrx_word' id='word_1_23' title='bbox 199 932 413 1014; x_wconf 90' lang='lat' dir='ltr'><strong>tionis,</strong></span> <span class='ocrx_word' id='word_1_24' title='bbox 437 931 683 1013; x_wconf 89' lang='lat' dir='ltr'><strong>fideque</strong></span> <span class='ocrx_word' id='word_1_25' title='bbox 713 950 864 1010; x_wconf 82' lang='lat' dir='ltr'><strong>erga</strong></span> <span class='ocrx_word' id='word_1_26' title='bbox 883 949 1054 1011; x_wconf 91' lang='lat' dir='ltr'><strong>eum,</strong></span> <span class='ocrx_word' id='word_1_27' title='bbox 1080 930 1251 993; x_wconf 88' lang='lat' dir='ltr'><strong>diem</strong></span> <span class='ocrx_word' id='word_1_28' title='bbox 1275 950 1387 992; x_wconf 80' lang='lat' dir='ltr'><strong>ex-</strong></span> 
     </span>
     <span class='ocr_line' id='line_1_8' title="bbox 201 1014 1387 1096; baseline -0.004 -16"><span class='ocrx_word' id='word_1_29' title='bbox 201 1030 480 1080; x_wconf 87' lang='lat' dir='ltr'><strong>tremum</strong></span> <span class='ocrx_word' id='word_1_30' title='bbox 532 1016 916 1096; x_wconf 87' lang='lat' dir='ltr'><strong>clauserunt,</strong></span> <span class='ocrx_word' id='word_1_31' title='bbox 967 1027 1241 1077; x_wconf 88' lang='lat' dir='ltr'><strong>mortuos</strong></span> <span class='ocrx_word' id='word_1_32' title='bbox 1273 1014 1387 1076; x_wconf 88' lang='lat' dir='ltr'><strong>ha-</strong></span> 
     </span>
     <span class='ocr_line' id='line_1_9' title="bbox 197 1099 1388 1185; baseline -0.001 -21"><span class='ocrx_word' id='word_1_33' title='bbox 197 1101 607 1185; x_wconf 88' lang='lat' dir='ltr'><strong>udquaquam</strong></span> <span class='ocrx_word' id='word_1_34' title='bbox 628 1100 1050 1184; x_wconf 77' lang='lat' dir='ltr'><strong>appellamus,</strong></span> <span class='ocrx_word' id='word_1_35' title='bbox 1075 1099 1388 1182; x_wconf 85' lang='lat' dir='ltr'><strong>Quienim</strong></span> 
     </span>
     <span class='ocr_line' id='line_1_10' title="bbox 198 1175 1388 1267; baseline -0.001 -18"><span class='ocrx_word' id='word_1_36' title='bbox 198 1199 518 1249; x_wconf 88' lang='lat' dir='ltr'><strong>mortuum</strong></span> <span class='ocrx_word' id='word_1_37' title='bbox 561 1206 785 1267; x_wconf 84' lang='lat' dir='ltr'><strong>corpus</strong></span> <span class='ocrx_word' id='word_1_38' title='bbox 847 1184 1151 1249; x_wconf 84' lang='lat' dir='ltr'><strong>miracula</strong></span> <span class='ocrx_word' id='word_1_39' title='bbox 1209 1175 1388 1248; x_wconf 84' lang='lat' dir='ltr'><strong>edere</strong></span> 
     </span>
     <span class='ocr_line' id='line_1_11' title="bbox 197 1268 1387 1355; baseline -0.002 -22"><span class='ocrx_word' id='word_1_40' title='bbox 197 1271 422 1355; x_wconf 61' lang='lat' dir='ltr'><strong>queat?</strong></span> <span class='ocrx_word' id='word_1_41' title='bbox 498 1270 795 1343; x_wconf 87' lang='lat' dir='ltr'><strong>Quonam</strong></span> <span class='ocrx_word' id='word_1_42' title='bbox 823 1268 1033 1351; x_wconf 89' lang='lat' dir='ltr'><strong>itaque</strong></span> <span class='ocrx_word' id='word_1_43' title='bbox 1065 1268 1246 1333; x_wconf 90' lang='lat' dir='ltr'><strong>modo</strong></span> <span class='ocrx_word' id='word_1_44' title='bbox 1276 1290 1387 1351; x_wconf 87' lang='lat' dir='ltr'><strong>per</strong></span> 
     </span>
     <span class='ocr_line' id='line_1_12' title="bbox 198 1353 1386 1435; baseline -0.003 -16"><span class='ocrx_word' id='word_1_45' title='bbox 198 1376 277 1419; x_wconf 86' lang='lat' dir='ltr'><strong>ea</strong></span> <span class='ocrx_word' id='word_1_46' title='bbox 331 1355 642 1419; x_wconf 79' lang='lat' dir='ltr'><strong>daemones</strong></span> <span class='ocrx_word' id='word_1_47' title='bbox 695 1354 1132 1435; x_wconf 86' lang='lat' dir='ltr'><strong>expelluntur,</strong></span> <span class='ocrx_word' id='word_1_48' title='bbox 1191 1353 1386 1417; x_wconf 88' lang='lat' dir='ltr'>morbi</span> 
     </span>
     <span class='ocr_line' id='line_1_13' title="bbox 195 1438 1386 1522; baseline 0.001 -21"><span class='ocrx_word' id='word_1_49' title='bbox 195 1440 631 1522; x_wconf 88' lang='lat' dir='ltr'><strong>profligantur,</strong></span> <span class='ocrx_word' id='word_1_50' title='bbox 678 1438 886 1520; x_wconf 86' lang='lat' dir='ltr'><strong>aegroti</strong></span> <span class='ocrx_word' id='word_1_51' title='bbox 918 1452 1232 1519; x_wconf 85' lang='lat' dir='ltr'><strong>sanantur,</strong></span> <span class='ocrx_word' id='word_1_52' title='bbox 1265 1460 1386 1502; x_wconf 85' lang='lat' dir='ltr'><strong>cae-</strong></span> 
     </span>
     <span class='ocr_line' id='line_1_14' title="bbox 195 1522 1382 1608; baseline -0.002 -23"><span class='ocrx_word' id='word_1_53' title='bbox 195 1524 255 1585; x_wconf 89' lang='lat' dir='ltr'><strong>ci</strong></span> <span class='ocrx_word' id='word_1_54' title='bbox 289 1523 702 1607; x_wconf 87' lang='lat' dir='ltr'><strong>prospiciunt,</strong></span> <span class='ocrx_word' id='word_1_55' title='bbox 724 1522 952 1608; x_wconf 85' lang='lat' dir='ltr'>leprosi</span> <span class='ocrx_word' id='word_1_56' title='bbox 976 1522 1382 1602; x_wconf 89' lang='lat' dir='ltr'><strong>mundantur,</strong></span> 
     </span>
     <span class='ocr_line' id='line_1_15' title="bbox 195 1606 1370 1687; baseline 0.001 -18"><span class='ocrx_word' id='word_1_57' title='bbox 195 1608 607 1687; x_wconf 74' lang='lat' dir='ltr'><strong>tentationeS,</strong></span> <span class='ocrx_word' id='word_1_58' title='bbox 633 1630 706 1670; x_wconf 90' lang='lat' dir='ltr'><strong>ac</strong></span> <span class='ocrx_word' id='word_1_59' title='bbox 727 1628 1006 1671; x_wconf 76' lang='lat' dir='ltr'><strong>maerores</strong></span> <span class='ocrx_word' id='word_1_60' title='bbox 1035 1606 1370 1670; x_wconf 87' lang='lat' dir='ltr'><strong>discutiun</strong></span> 
     </span>
     <span class='ocr_line' id='line_1_16' title="bbox 193 1656 1382 1785; baseline 0 -32"><span class='ocrx_word' id='word_1_61' title='bbox 193 1701 322 1785; x_wconf 82' lang='lat' dir='ltr'><strong>tur,</strong></span> <span class='ocrx_word' id='word_1_62' title='bbox 354 1713 430 1754; x_wconf 88' lang='lat' dir='ltr'><strong>ac</strong></span> <span class='ocrx_word' id='word_1_63' title='bbox 459 1656 728 1775; x_wconf 83' lang='lat' dir='ltr'><strong>denique</strong></span> <span class='ocrx_word' id='word_1_64' title='bbox 782 1712 972 1755; x_wconf 88' lang='lat' dir='ltr'><strong>omne</strong></span> <span class='ocrx_word' id='word_1_65' title='bbox 1003 1692 1242 1754; x_wconf 88' lang='lat' dir='ltr'><strong>donum</strong></span> <span class='ocrx_word' id='word_1_66' title='bbox 1269 1714 1382 1776; x_wconf 91' lang='lat' dir='ltr'><strong>op-</strong></span> 
     </span>
     <span class='ocr_line' id='line_1_17' title="bbox 196 1774 1382 1875; baseline 0.002 -38"><span class='ocrx_word' id='word_1_67' title='bbox 196 1774 433 1839; x_wconf 88' lang='lat' dir='ltr'><strong>timum</strong></span> <span class='ocrx_word' id='word_1_68' title='bbox 461 1798 498 1839; x_wconf 87' lang='lat' dir='ltr'><strong>a</strong></span> <span class='ocrx_word' id='word_1_69' title='bbox 530 1777 718 1841; x_wconf 88' lang='lat' dir='ltr'><strong>Patre</strong></span> <span class='ocrx_word' id='word_1_70' title='bbox 766 1777 1127 1875; x_wconf 39' lang='lat' dir='ltr'><strong>luminum,</strong></span> <span class='ocrx_word' id='word_1_71' title='bbox 1166 1797 1382 1839; x_wconf 89' lang='lat' dir='ltr'><strong>eorum</strong></span> 
     </span>
     <span class='ocr_line' id='line_1_18' title="bbox 195 1861 1381 1944; baseline 0.001 -22"><span class='ocrx_word' id='word_1_72' title='bbox 195 1882 393 1941; x_wconf 85' lang='lat' dir='ltr'><strong>opera</strong></span> <span class='ocrx_word' id='word_1_73' title='bbox 423 1862 502 1922; x_wconf 89' lang='lat' dir='ltr'><strong>ad</strong></span> <span class='ocrx_word' id='word_1_74' title='bbox 533 1883 660 1942; x_wconf 77' lang='lat' dir='ltr'><strong>eoS,</strong></span> <span class='ocrx_word' id='word_1_75' title='bbox 693 1862 798 1944; x_wconf 88' lang='lat' dir='ltr'><strong>qui</strong></span> <span class='ocrx_word' id='word_1_76' title='bbox 833 1861 954 1925; x_wconf 89' lang='lat' dir='ltr'><strong>fide</strong></span> <span class='ocrx_word' id='word_1_77' title='bbox 978 1862 1232 1926; x_wconf 86' lang='lat' dir='ltr'><strong>minime</strong></span> <span class='ocrx_word' id='word_1_78' title='bbox 1265 1861 1381 1923; x_wconf 91' lang='lat' dir='ltr'><strong>du-</strong></span> 
     </span>
     <span class='ocr_line' id='line_1_19' title="bbox 191 1945 1380 2041; baseline 0.002 -36"><span class='ocrx_word' id='word_1_79' title='bbox 191 1945 304 2006; x_wconf 88' lang='lat' dir='ltr'><strong>bia</strong></span> <span class='ocrx_word' id='word_1_80' title='bbox 356 1945 703 2027; x_wconf 85' lang='lat' dir='ltr'><strong>postulant,</strong></span> <span class='ocrx_word' id='word_1_81' title='bbox 765 1947 1115 2041; x_wconf 67' lang='lat' dir='ltr'><strong>descendit‘l</strong></span> <span class='ocrx_word' id='word_1_82' title='bbox 1209 1945 1380 2019; x_wconf 86' lang='lat' dir='ltr'>Quid</span> 
     </span>
     <span class='ocr_line' id='line_1_20' title="bbox 191 2028 1382 2127; baseline 0.005 -39"><span class='ocrx_word' id='word_1_83' title='bbox 191 2048 330 2089; x_wconf 89' lang='lat' dir='ltr'><strong>non</strong></span> <span class='ocrx_word' id='word_1_84' title='bbox 392 2028 618 2091; x_wconf 86' lang='lat' dir='ltr'><strong>laboris</strong></span> <span class='ocrx_word' id='word_1_85' title='bbox 675 2031 998 2127; x_wconf 82' lang='lat' dir='ltr'><strong>suscipias,</strong></span> <span class='ocrx_word' id='word_1_86' title='bbox 1059 2043 1130 2094; x_wconf 92' lang='lat' dir='ltr'><strong>ut</strong></span> <span class='ocrx_word' id='word_1_87' title='bbox 1161 2030 1382 2094; x_wconf 87' lang='lat' dir='ltr'><strong>Patro-</strong></span> 
     </span>
    </p>
   </div>
   <div class='ocr_carea' id='block_1_5' title="bbox 189 2114 1380 2272">
    <p class='ocr_par' dir='ltr' id='par_1_5' title="bbox 189 2114 1380 2272">
     <span class='ocr_line' id='line_1_21' title="bbox 192 2114 1380 2197; baseline 0.008 -26"><span class='ocrx_word' id='word_1_88' title='bbox 192 2131 352 2174; x_wconf 88' lang='lat' dir='ltr'><strong>num</strong></span> <span class='ocrx_word' id='word_1_89' title='bbox 383 2114 716 2192; x_wconf 83' lang='lat' dir='ltr'><strong>quemdam</strong></span> <span class='ocrx_word' id='word_1_90' title='bbox 749 2116 1148 2197; x_wconf 67' lang='lat' dir='ltr'><strong>nanciscaris,</strong></span> <span class='ocrx_word' id='word_1_91' title='bbox 1179 2115 1284 2196; x_wconf 91' lang='lat' dir='ltr'><strong>qui</strong></span> <span class='ocrx_word' id='word_1_92' title='bbox 1317 2126 1380 2181; x_wconf 81' lang='lat' dir='ltr'><strong>te</strong></span> 
     </span>
     <span class='ocr_line' id='line_1_22' title="bbox 189 2196 1379 2272; baseline 0.002 -19"><span class='ocrx_word' id='word_1_93' title='bbox 189 2196 444 2255; x_wconf 81' lang='lat' dir='ltr'><strong>mortali</strong></span> <span class='ocrx_word' id='word_1_94' title='bbox 477 2198 637 2272; x_wconf 81' lang='lat' dir='ltr'><strong>Regi</strong></span> <span class='ocrx_word' id='word_1_95' title='bbox 669 2202 905 2269; x_wconf 86' lang='lat' dir='ltr'><strong>offerat,</strong></span> <span class='ocrx_word' id='word_1_96' title='bbox 937 2216 1010 2253; x_wconf 84' lang='lat' dir='ltr'><strong>ac</strong></span> <span class='ocrx_word' id='word_1_97' title='bbox 1043 2209 1148 2256; x_wconf 90' lang='lat' dir='ltr'><strong>tuo</strong></span> <span class='ocrx_word' id='word_1_98' title='bbox 1179 2199 1379 2255; x_wconf 90' lang='lat' dir='ltr'><strong>nomi-</strong></span> 
     </span>
    </p>
   </div>
   <div class='ocr_carea' id='block_1_6' title="bbox 186 2274 1376 2696">
    <p class='ocr_par' dir='ltr' id='par_1_6' title="bbox 186 2274 1376 2696">
     <span class='ocr_line' id='line_1_23' title="bbox 186 2274 1375 2369; baseline 0.004 -35"><span class='ocrx_word' id='word_1_99' title='bbox 186 2294 276 2335; x_wconf 90' lang='lat' dir='ltr'><strong>ne</strong></span> <span class='ocrx_word' id='word_1_100' title='bbox 309 2274 388 2334; x_wconf 88' lang='lat' dir='ltr'><strong>ad</strong></span> <span class='ocrx_word' id='word_1_101' title='bbox 419 2294 568 2337; x_wconf 90' lang='lat' dir='ltr'><strong>eum</strong></span> <span class='ocrx_word' id='word_1_102' title='bbox 602 2276 791 2336; x_wconf 87' lang='lat' dir='ltr'><strong>verba</strong></span> <span class='ocrx_word' id='word_1_103' title='bbox 821 2274 1040 2338; x_wconf 63' lang='lat' dir='ltr'><strong>faciat?</strong></span> <span class='ocrx_word' id='word_1_104' title='bbox 1103 2278 1211 2337; x_wconf 89' lang='lat' dir='ltr'><strong>An</strong></span> <span class='ocrx_word' id='word_1_105' title='bbox 1236 2296 1375 2369; x_wconf 34' lang='lat' dir='ltr'><strong>‘non</strong></span> 
     </span>
     <span class='ocr_line' id='line_1_24' title="bbox 186 2356 1376 2450; baseline 0.003 -30"><span class='ocrx_word' id='word_1_106' title='bbox 186 2356 382 2450; x_wconf 81' lang='lat' dir='ltr'><strong>igitur</strong></span> <span class='ocrx_word' id='word_1_107' title='bbox 413 2356 478 2418; x_wconf 93' lang='lat' dir='ltr'><strong>hi</strong></span> <span class='ocrx_word' id='word_1_108' title='bbox 541 2358 882 2421; x_wconf 83' lang='lat' dir='ltr'><strong>honorandi</strong></span> <span class='ocrx_word' id='word_1_109' title='bbox 915 2370 1085 2440; x_wconf 88' lang='lat' dir='ltr'><strong>sunt,</strong></span> <span class='ocrx_word' id='word_1_110' title='bbox 1147 2359 1249 2441; x_wconf 81' lang='lat' dir='ltr'><strong>qui</strong></span> <span class='ocrx_word' id='word_1_111' title='bbox 1283 2371 1376 2423; x_wconf 83' lang='lat' dir='ltr'><strong>to-</strong></span> 
     </span>
     <span class='ocr_line' id='line_1_25' title="bbox 187 2441 1373 2524; baseline 0.005 -20"><span class='ocrx_word' id='word_1_112' title='bbox 187 2441 314 2505; x_wconf 85' lang='lat' dir='ltr'><strong>tius</strong></span> <span class='ocrx_word' id='word_1_113' title='bbox 346 2441 615 2506; x_wconf 87' lang='lat' dir='ltr'><strong>humani</strong></span> <span class='ocrx_word' id='word_1_114' title='bbox 669 2442 917 2524; x_wconf 80' lang='lat' dir='ltr'><strong>generis</strong></span> <span class='ocrx_word' id='word_1_115' title='bbox 979 2445 1280 2512; x_wconf 85' lang='lat' dir='ltr'><strong>Patronos</strong></span> <span class='ocrx_word' id='word_1_116' title='bbox 1310 2466 1373 2510; x_wconf 87' lang='lat' dir='ltr'><strong>se</strong></span> 
     </span>
     <span class='ocr_line' id='line_1_26' title="bbox 187 2529 1375 2608; baseline 0.006 -20"><span class='ocrx_word' id='word_1_117' title='bbox 187 2529 596 2608; x_wconf 86' lang='lat' dir='ltr'><strong>profirentur,</strong></span> <span class='ocrx_word' id='word_1_118' title='bbox 644 2548 718 2590; x_wconf 87' lang='lat' dir='ltr'><strong>ac-</strong></span> <span class='ocrx_word' id='word_1_119' title='bbox 751 2530 888 2592; x_wconf 90' lang='lat' dir='ltr'><strong>Deo</strong></span> <span class='ocrx_word' id='word_1_120' title='bbox 940 2541 1155 2596; x_wconf 87' lang='lat' dir='ltr'><strong>nostra</strong></span> <span class='ocrx_word' id='word_1_121' title='bbox 1186 2550 1375 2595; x_wconf 87' lang='lat' dir='ltr'><strong>causa</strong></span> 
     </span>
     <span class='ocr_line' id='line_1_27' title="bbox 189 2611 592 2696; baseline 0.005 -24"><span class='ocrx_word' id='word_1_122' title='bbox 189 2611 592 2696; x_wconf 63' lang='lat' dir='ltr'><strong>supplicant?</strong></span> 
     </span>
    </p>
   </div>
   <div class='ocr_carea' id='block_1_7' title="bbox 195 2782 890 2865">
    <p class='ocr_par' dir='ltr' id='par_1_7' title="bbox 195 2782 890 2865">
     <span class='ocr_line' id='line_1_28' title="bbox 195 2782 890 2865; baseline 0.004 -23"><span class='ocrx_word' id='word_1_123' title='bbox 195 2847 200 2852; x_wconf 58' lang='grc'><strong><em>,</em></strong></span> <span class='ocrx_word' id='word_1_124' title='bbox 281 2801 346 2843; x_wconf 82' lang='grc' dir='ltr'><strong>ιι.</strong></span> <span class='ocrx_word' id='word_1_125' title='bbox 437 2782 737 2865; x_wconf 86' lang='lat' dir='ltr'><strong>Verbera,</strong></span> <span class='ocrx_word' id='word_1_126' title='bbox 773 2783 890 2846; x_wconf 85' lang='lat' dir='ltr'><strong>&amp;c.</strong></span> 
     </span>
    </p>
   </div>
   <div class='ocr_carea' id='block_1_8' title="bbox 1145 2972 1215 3002">
    <p class='ocr_par' dir='ltr' id='par_1_8' title="bbox 1145 2972 1215 3002">
     <span class='ocr_line' id='line_1_29' title="bbox 1145 2972 1215 3002; baseline 0 -3"><span class='ocrx_word' id='word_1_127' title='bbox 1145 2972 1215 3002; x_wconf 65' lang='lat' dir='ltr'><strong>„s</strong></span> 
     </span>
    </p>
   </div>
   <div class='ocr_carea' id='block_1_9' title="bbox 583 3055 981 3101">
    <p class='ocr_par' dir='ltr' id='par_1_9' title="bbox 583 3055 981 3101">
     <span class='ocr_line' id='line_1_30' title="bbox 583 3055 981 3101; baseline 0.008 -4"><span class='ocrx_word' id='word_1_128' title='bbox 583 3055 830 3099; x_wconf 80' lang='lat' dir='ltr'>LECTIN</span> <span class='ocrx_word' id='word_1_129' title='bbox 885 3059 981 3101; x_wconf 83' lang='lat' dir='ltr'><strong>VI.</strong></span> 
     </span>
    </p>
   </div>
   <div class='ocr_carea' id='block_1_10' title="bbox 275 3200 1370 3292">
    <p class='ocr_par' dir='ltr' id='par_1_10' title="bbox 275 3200 1370 3292">
     <span class='ocr_line' id='line_1_31' title="bbox 275 3200 1370 3292; baseline 0.004 -30"><span class='ocrx_word' id='word_1_130' title='bbox 275 3200 638 3292; x_wconf 75' lang='lat' dir='ltr'><strong>Honorandi</strong></span> <span class='ocrx_word' id='word_1_131' title='bbox 672 3212 857 3265; x_wconf 90' lang='lat' dir='ltr'><strong>certe.</strong></span> <span class='ocrx_word' id='word_1_132' title='bbox 878 3216 943 3265; x_wconf 89' lang='lat' dir='ltr'><strong>et</strong></span> <span class='ocrx_word' id='word_1_133' title='bbox 972 3202 1228 3286; x_wconf 89' lang='lat' dir='ltr'><strong>quidem</strong></span> <span class='ocrx_word' id='word_1_134' title='bbox 1260 3205 1370 3288; x_wconf 89' lang='lat' dir='ltr'><strong>ita,</strong></span> 
     </span>
    </p>
   </div>
   <div class='ocr_carea' id='block_1_11' title="bbox 184 3281 1374 3375">
    <p class='ocr_par' dir='ltr' id='par_1_11' title="bbox 184 3281 1374 3375">
     <span class='ocr_line' id='line_1_32' title="bbox 184 3281 1374 3375; baseline 0.006 -30"><span class='ocrx_word' id='word_1_135' title='bbox 184 3281 352 3345; x_wconf 89' lang='lat' dir='ltr'><strong>utin</strong></span> <span class='ocrx_word' id='word_1_136' title='bbox 386 3303 600 3348; x_wconf 90' lang='lat' dir='ltr'><strong>eorum</strong></span> <span class='ocrx_word' id='word_1_137' title='bbox 655 3283 911 3351; x_wconf 89' lang='lat' dir='ltr'><strong>nomine</strong></span> <span class='ocrx_word' id='word_1_138' title='bbox 965 3289 1100 3351; x_wconf 90' lang='lat' dir='ltr'><strong>Deo</strong></span> <span class='ocrx_word' id='word_1_139' title='bbox 1132 3290 1374 3375; x_wconf 86' lang='lat' dir='ltr'><strong>templa</strong></span> 
     </span>
    </p>
   </div>
   <div class='ocr_carea' id='block_1_12' title="bbox 183 3368 1371 3712">
    <p class='ocr_par' dir='ltr' id='par_1_12' title="bbox 183 3368 1371 3712">
     <span class='ocr_line' id='line_1_33' title="bbox 185 3368 1371 3464; baseline 0.005 -32"><span class='ocrx_word' id='word_1_140' title='bbox 185 3379 578 3450; x_wconf 77' lang='lat' dir='ltr'><strong>extruamUS,</strong></span> <span class='ocrx_word' id='word_1_141' title='bbox 627 3368 796 3464; x_wconf 80' lang='lat' dir='ltr'><strong>dona</strong></span> <span class='ocrx_word' id='word_1_142' title='bbox 854 3375 1207 3455; x_wconf 86' lang='lat' dir='ltr'><strong>offeramus,</strong></span> <span class='ocrx_word' id='word_1_143' title='bbox 1271 3396 1371 3438; x_wconf 92' lang='lat' dir='ltr'><strong>eo-</strong></span> 
     </span>
     <span class='ocr_line' id='line_1_34' title="bbox 184 3452 1370 3541; baseline 0.008 -28"><span class='ocrx_word' id='word_1_144' title='bbox 184 3473 330 3514; x_wconf 88' lang='lat' dir='ltr'><strong>rum</strong></span> <span class='ocrx_word' id='word_1_145' title='bbox 390 3452 763 3518; x_wconf 85' lang='lat' dir='ltr'><strong>memoriam</strong></span> <span class='ocrx_word' id='word_1_146' title='bbox 823 3459 1120 3539; x_wconf 75' lang='lat' dir='ltr'><strong>colamus,</strong></span> <span class='ocrx_word' id='word_1_147' title='bbox 1181 3471 1370 3541; x_wconf 88' lang='lat' dir='ltr'><strong>atque</strong></span> 
     </span>
     <span class='ocr_line' id='line_1_35' title="bbox 183 3536 1366 3638; baseline 0.007 -40"><span class='ocrx_word' id='word_1_148' title='bbox 183 3536 254 3598; x_wconf 86' lang='lat' dir='ltr'><strong>in</strong></span> <span class='ocrx_word' id='word_1_149' title='bbox 313 3557 392 3599; x_wconf 85' lang='lat' dir='ltr'><strong>ea·</strong></span> <span class='ocrx_word' id='word_1_150' title='bbox 469 3538 877 3620; x_wconf 86' lang='lat' dir='ltr'><strong>spiritualiter</strong></span> <span class='ocrx_word' id='word_1_151' title='bbox 956 3543 1366 3638; x_wconf 81' lang='lat' dir='ltr'><strong>oblectemur:</strong></span> 
     </span>
     <span class='ocr_line' id='line_1_36' title="bbox 186 3621 1370 3712; baseline 0.008 -31"><span class='ocrx_word' id='word_1_152' title='bbox 186 3641 310 3704; x_wconf 89' lang='lat' dir='ltr'><strong>quo</strong></span> <span class='ocrx_word' id='word_1_153' title='bbox 340 3621 635 3687; x_wconf 90' lang='lat' dir='ltr'><strong>nimirum</strong></span> <span class='ocrx_word' id='word_1_154' title='bbox 686 3625 906 3690; x_wconf 85' lang='lat' dir='ltr'><strong>laetitia</strong></span> <span class='ocrx_word' id='word_1_155' title='bbox 935 3638 1150 3691; x_wconf 84' lang='lat' dir='ltr'><strong>nostra</strong></span> <span class='ocrx_word' id='word_1_156' title='bbox 1200 3627 1298 3712; x_wconf 85' lang='lat' dir='ltr'><strong>iis,</strong></span> <span class='ocrx_word' id='word_1_157' title='bbox 1333 3651 1370 3690; x_wconf 90' lang='lat' dir='ltr'><strong>a</strong></span> 
     </span>
    </p>
   </div>
   <div class='ocr_carea' id='block_1_13' title="bbox 1468 504 2719 1365">
    <p class='ocr_par' dir='ltr' id='par_1_13' title="bbox 1469 504 2719 1101">
     <span class='ocr_line' id='line_1_37' title="bbox 1475 504 2655 591; baseline 0.003 -22"><span class='ocrx_word' id='word_1_158' title='bbox 1475 505 1700 590; x_wconf 88' lang='lat' dir='ltr'><strong>quibus</strong></span> <span class='ocrx_word' id='word_1_159' title='bbox 1759 504 2130 589; x_wconf 86' lang='lat' dir='ltr'><strong>invitamur,</strong></span> <span class='ocrx_word' id='word_1_160' title='bbox 2191 521 2519 591; x_wconf 85' lang='lat' dir='ltr'><strong>congruat3</strong></span> <span class='ocrx_word' id='word_1_161' title='bbox 2580 531 2655 573; x_wconf 84' lang='lat' dir='ltr'><strong>ac</strong></span> 
     </span>
     <span class='ocr_line' id='line_1_38' title="bbox 1475 592 2655 690; baseline 0.001 -35"><span class='ocrx_word' id='word_1_162' title='bbox 1475 612 1631 673; x_wconf 89' lang='lat' dir='ltr'><strong>non,</strong></span> <span class='ocrx_word' id='word_1_163' title='bbox 1663 592 1812 656; x_wconf 90' lang='lat' dir='ltr'><strong>dum</strong></span> <span class='ocrx_word' id='word_1_164' title='bbox 1842 613 1951 655; x_wconf 89' lang='lat' dir='ltr'><strong>eos</strong></span> <span class='ocrx_word' id='word_1_165' title='bbox 1980 593 2202 675; x_wconf 82' lang='lat' dir='ltr'><strong>colere,</strong></span> <span class='ocrx_word' id='word_1_166' title='bbox 2234 608 2296 660; x_wconf 93' lang='lat' dir='ltr'><strong>et</strong></span> <span class='ocrx_word' id='word_1_167' title='bbox 2323 593 2655 690; x_wconf 82' lang='lat' dir='ltr'><strong>demereri,</strong></span> 
     </span>
     <span class='ocr_line' id='line_1_39' title="bbox 1471 677 2658 773; baseline 0.003 -36"><span class='ocrx_word' id='word_1_168' title='bbox 1471 677 1817 770; x_wconf 89' lang='lat' dir='ltr'><strong>studemus,</strong></span> <span class='ocrx_word' id='word_1_169' title='bbox 1870 678 2253 744; x_wconf 88' lang='lat' dir='ltr'><strong>offendamus</strong></span> <span class='ocrx_word' id='word_1_170' title='bbox 2305 679 2539 773; x_wconf 74' lang='lat' dir='ltr'><strong>potiuS,</strong></span> <span class='ocrx_word' id='word_1_171' title='bbox 2591 690 2658 741; x_wconf 90' lang='lat' dir='ltr'><strong>et</strong></span> 
     </span>
     <span class='ocr_line' id='line_1_40' title="bbox 1469 758 2656 836; baseline 0.004 -15"><span class='ocrx_word' id='word_1_172' title='bbox 1469 758 1807 825; x_wconf 88' lang='lat' dir='ltr'><strong>irritemus</strong></span> <span class='ocrx_word' id='word_1_173' title='bbox 1919 761 2166 836; x_wconf 84' lang='lat' dir='ltr'><strong>Quibus</strong></span> <span class='ocrx_word' id='word_1_174' title='bbox 2240 784 2414 825; x_wconf 78' lang='lat' dir='ltr'><strong>enim</strong></span> <span class='ocrx_word' id='word_1_175' title='bbox 2475 764 2656 826; x_wconf 81' lang='lat' dir='ltr'><strong>rebus</strong></span> 
     </span>
     <span class='ocr_line' id='line_1_41' title="bbox 1474 846 2719 933; baseline 0.006 -24"><span class='ocrx_word' id='word_1_176' title='bbox 1474 847 1644 909; x_wconf 86' lang='lat' dir='ltr'><strong>Dens</strong></span> <span class='ocrx_word' id='word_1_177' title='bbox 1674 846 1921 929; x_wconf 84' lang='lat' dir='ltr'><strong>colitur,</strong></span> <span class='ocrx_word' id='word_1_178' title='bbox 1970 846 2185 911; x_wconf 90' lang='lat' dir='ltr'><strong>iisdem</strong></span> <span class='ocrx_word' id='word_1_179' title='bbox 2214 847 2372 911; x_wconf 91' lang='lat' dir='ltr'><strong>servi</strong></span> <span class='ocrx_word' id='word_1_180' title='bbox 2406 869 2656 933; x_wconf 82' lang='lat' dir='ltr'><strong>quoque</strong></span> <span class='ocrx_word' id='word_1_181' title='bbox 2715 912 2719 916; x_wconf 86' lang='lat'>.</span> 
     </span>
     <span class='ocr_line' id='line_1_42' title="bbox 1470 926 2658 1011; baseline 0.004 -17"><span class='ocrx_word' id='word_1_182' title='bbox 1470 930 1664 1011; x_wconf 87' lang='lat' dir='ltr'><strong>ipsius</strong></span> <span class='ocrx_word' id='word_1_183' title='bbox 1695 932 2109 996; x_wconf 84' lang='lat' dir='ltr'><strong>oblectantur.</strong></span> <span class='ocrx_word' id='word_1_184' title='bbox 2170 926 2421 1007; x_wconf 82' lang='lat' dir='ltr'><strong>Quibus</strong></span> <span class='ocrx_word' id='word_1_185' title='bbox 2444 944 2658 999; x_wconf 86' lang='lat' dir='ltr'><strong>autem</strong></span> 
     </span>
     <span class='ocr_line' id='line_1_43' title="bbox 1471 1015 2653 1101; baseline 0.002 -22"><span class='ocrx_word' id='word_1_186' title='bbox 1471 1017 1644 1079; x_wconf 90' lang='lat' dir='ltr'><strong>Deus</strong></span> <span class='ocrx_word' id='word_1_187' title='bbox 1676 1015 2031 1097; x_wconf 86' lang='lat' dir='ltr'><strong>offenditur,</strong></span> <span class='ocrx_word' id='word_1_188' title='bbox 2076 1016 2295 1080; x_wconf 90' lang='lat' dir='ltr'><strong>iisdem</strong></span> <span class='ocrx_word' id='word_1_189' title='bbox 2326 1019 2521 1080; x_wconf 87' lang='lat' dir='ltr'><strong>etiam</strong></span> <span class='ocrx_word' id='word_1_190' title='bbox 2553 1017 2653 1101; x_wconf 88' lang='lat' dir='ltr'><strong>ip-</strong></span> 
     </span>
    </p>

    <p class='ocr_par' dir='ltr' id='par_1_14' title="bbox 1468 1100 2689 1353">
     <span class='ocr_line' id='line_1_44' title="bbox 1468 1100 2656 1176; baseline 0.004 -16"><span class='ocrx_word' id='word_1_191' title='bbox 1468 1100 1592 1162; x_wconf 88' lang='lat' dir='ltr'><strong>sius</strong></span> <span class='ocrx_word' id='word_1_192' title='bbox 1624 1100 1855 1165; x_wconf 88' lang='lat' dir='ltr'><strong>milites</strong></span> <span class='ocrx_word' id='word_1_193' title='bbox 1878 1102 2303 1165; x_wconf 84' lang='lat' dir='ltr'><strong>offenduntur·</strong></span> <span class='ocrx_word' id='word_1_194' title='bbox 2341 1100 2656 1176; x_wconf 82' lang='lat' dir='ltr'><strong>Quocirca</strong></span> 
     </span>
     <span class='ocr_line' id='line_1_45' title="bbox 1469 1184 2689 1268; baseline 0.002 -22"><span class='ocrx_word' id='word_1_195' title='bbox 1469 1184 1536 1247; x_wconf 89' lang='lat' dir='ltr'><strong>in</strong></span> <span class='ocrx_word' id='word_1_196' title='bbox 1573 1185 1865 1267; x_wconf 87' lang='lat' dir='ltr'><strong>Psalmis,</strong></span> <span class='ocrx_word' id='word_1_197' title='bbox 1923 1198 1988 1248; x_wconf 90' lang='lat' dir='ltr'><strong>et</strong></span> <span class='ocrx_word' id='word_1_198' title='bbox 2032 1187 2330 1268; x_wconf 89' lang='lat' dir='ltr'><strong>Hymnis,</strong></span> <span class='ocrx_word' id='word_1_199' title='bbox 2361 1199 2427 1250; x_wconf 92' lang='lat' dir='ltr'><strong>et</strong></span> <span class='ocrx_word' id='word_1_200' title='bbox 2454 1185 2655 1249; x_wconf 84' lang='lat' dir='ltr'><strong>canti·</strong></span> <span class='ocrx_word' id='word_1_201' title='bbox 2683 1231 2689 1238; x_wconf 86' lang='lat'><em>-</em></span> 
     </span>
     <span class='ocr_line' id='line_1_46' title="bbox 1471 1270 2658 1365; baseline 0.004 -34"><span class='ocrx_word' id='word_1_202' title='bbox 1471 1270 1588 1333; x_wconf 91' lang='lat' dir='ltr'><strong>bus</strong></span> <span class='ocrx_word' id='word_1_203' title='bbox 1617 1270 2068 1353; x_wconf 83' lang='lat' dir='ltr'><strong>spiritualibus,</strong></span> <span class='ocrx_word' id='word_1_204' title='bbox 2098 1282 2164 1365; x_wconf 81' lang='lat' dir='ltr'><strong>et</strong></span> <span class='ocrx_word' id='word_1_205' title='bbox 2206 1270 2658 1353; x_wconf 89' lang='lat' dir='ltr'><strong>compunctio-</strong></span> 
     </span>
    </p>
   </div>
   <div class='ocr_carea' id='block_1_14' title="bbox 1467 1354 2655 1520">
    <p class='ocr_par' dir='ltr' id='par_1_15' title="bbox 1467 1354 2655 1520">
     <span class='ocr_line' id='line_1_47' title="bbox 1470 1354 2655 1449; baseline 0.001 -33"><span class='ocrx_word' id='word_1_206' title='bbox 1470 1374 1577 1434; x_wconf 88' lang='lat' dir='ltr'><strong>ne,</strong></span> <span class='ocrx_word' id='word_1_207' title='bbox 1611 1367 1672 1419; x_wconf 87' lang='lat' dir='ltr'><strong>et</strong></span> <span class='ocrx_word' id='word_1_208' title='bbox 1702 1377 1945 1435; x_wconf 85' lang='lat' dir='ltr'><strong>eorum,</strong></span> <span class='ocrx_word' id='word_1_209' title='bbox 1976 1355 2083 1449; x_wconf 77' lang='lat' dir='ltr'><strong>qui</strong></span> <span class='ocrx_word' id='word_1_210' title='bbox 2104 1354 2171 1416; x_wconf 90' lang='lat' dir='ltr'><strong>in</strong></span> <span class='ocrx_word' id='word_1_211' title='bbox 2202 1366 2485 1435; x_wconf 87' lang='lat' dir='ltr'><strong>egestate</strong></span> <span class='ocrx_word' id='word_1_212' title='bbox 2516 1376 2655 1417; x_wconf 90' lang='lat' dir='ltr'><strong>ver-</strong></span> 
     </span>
     <span class='ocr_line' id='line_1_48' title="bbox 1467 1438 2655 1520; baseline 0.002 -21"><span class='ocrx_word' id='word_1_213' title='bbox 1467 1451 1711 1520; x_wconf 88' lang='lat' dir='ltr'><strong>santur,</strong></span> <span class='ocrx_word' id='word_1_214' title='bbox 1801 1438 2367 1517; x_wconf 85' lang='lat' dir='ltr'><strong>commiseratione,</strong></span> <span class='ocrx_word' id='word_1_215' title='bbox 2429 1439 2655 1519; x_wconf 82' lang='lat' dir='ltr'><strong>quibus</strong></span> 
     </span>
    </p>
   </div>
   <div class='ocr_carea' id='block_1_15' title="bbox 1463 1521 2655 2097">
    <p class='ocr_par' dir='ltr' id='par_1_16' title="bbox 1463 1521 2655 2097">
     <span class='ocr_line' id='line_1_49' title="bbox 1467 1521 2655 1605; baseline -0.001 -21"><span class='ocrx_word' id='word_1_216' title='bbox 1467 1522 1774 1605; x_wconf 88' lang='lat' dir='ltr'><strong>obsequiis</strong></span> <span class='ocrx_word' id='word_1_217' title='bbox 1806 1523 1975 1585; x_wconf 89' lang='lat' dir='ltr'><strong>Deus</strong></span> <span class='ocrx_word' id='word_1_218' title='bbox 2001 1521 2397 1605; x_wconf 89' lang='lat' dir='ltr'><strong>potissimum</strong></span> <span class='ocrx_word' id='word_1_219' title='bbox 2444 1522 2655 1586; x_wconf 87' lang='lat' dir='ltr'><strong>conci·</strong></span> 
     </span>
     <span class='ocr_line' id='line_1_50' title="bbox 1466 1604 2653 1688; baseline 0.003 -21"><span class='ocrx_word' id='word_1_220' title='bbox 1466 1604 1684 1688; x_wconf 87' lang='lat' dir='ltr'><strong>liatur,</strong></span> <span class='ocrx_word' id='word_1_221' title='bbox 1731 1607 1994 1669; x_wconf 89' lang='lat' dir='ltr'><strong>Sanctos</strong></span> <span class='ocrx_word' id='word_1_222' title='bbox 2054 1606 2355 1687; x_wconf 77' lang='lat' dir='ltr'><strong>colamuS,</strong></span> <span class='ocrx_word' id='word_1_223' title='bbox 2416 1618 2653 1670; x_wconf 83' lang='lat' dir='ltr'><strong>statuas</strong></span> 
     </span>
     <span class='ocr_line' id='line_1_51' title="bbox 1463 1690 2652 1777; baseline 0.001 -25"><span class='ocrx_word' id='word_1_224' title='bbox 1463 1690 1636 1774; x_wconf 89' lang='lat' dir='ltr'><strong>ipsis,</strong></span> <span class='ocrx_word' id='word_1_225' title='bbox 1668 1712 1742 1753; x_wconf 88' lang='lat' dir='ltr'><strong>ac</strong></span> <span class='ocrx_word' id='word_1_226' title='bbox 1773 1691 2045 1755; x_wconf 87' lang='lat' dir='ltr'><strong>visibiles</strong></span> <span class='ocrx_word' id='word_1_227' title='bbox 2106 1690 2419 1773; x_wconf 86' lang='lat' dir='ltr'><strong>Imagines</strong></span> <span class='ocrx_word' id='word_1_228' title='bbox 2449 1691 2652 1777; x_wconf 86' lang='lat' dir='ltr'><strong>eriga-</strong></span> 
     </span>
     <span class='ocr_line' id='line_1_52' title="bbox 1465 1775 2649 1860; baseline -0.001 -22"><span class='ocrx_word' id='word_1_229' title='bbox 1465 1798 1628 1858; x_wconf 91' lang='lat' dir='ltr'><strong>mus,</strong></span> <span class='ocrx_word' id='word_1_230' title='bbox 1676 1775 1804 1839; x_wconf 92' lang='lat' dir='ltr'><strong>imo</strong></span> <span class='ocrx_word' id='word_1_231' title='bbox 1862 1776 1983 1860; x_wconf 89' lang='lat' dir='ltr'><strong>ipsi</strong></span> <span class='ocrx_word' id='word_1_232' title='bbox 2042 1775 2371 1839; x_wconf 79' lang='lat' dir='ltr'><strong>virtutibus</strong></span> <span class='ocrx_word' id='word_1_233' title='bbox 2430 1796 2649 1837; x_wconf 87' lang='lat' dir='ltr'><strong>eorum</strong></span> 
     </span>
     <span class='ocr_line' id='line_1_53' title="bbox 1463 1860 2652 1942; baseline 0.002 -21"><span class='ocrx_word' id='word_1_234' title='bbox 1463 1860 1780 1925; x_wconf 86' lang='lat' dir='ltr'><strong>imitandis</strong></span> <span class='ocrx_word' id='word_1_235' title='bbox 1807 1862 1928 1925; x_wconf 88' lang='lat' dir='ltr'><strong>hoc</strong></span> <span class='ocrx_word' id='word_1_236' title='bbox 1959 1880 2435 1942; x_wconf 87' lang='lat' dir='ltr'><strong>consequamur,</strong></span> <span class='ocrx_word' id='word_1_237' title='bbox 2468 1871 2541 1922; x_wconf 94' lang='lat' dir='ltr'><strong>ut</strong></span> <span class='ocrx_word' id='word_1_238' title='bbox 2557 1860 2652 1925; x_wconf 83' lang='lat' dir='ltr'><strong>vi-</strong></span> 
     </span>
     <span class='ocr_line' id='line_1_54' title="bbox 1463 1942 2648 2034; baseline -0.003 -25"><span class='ocrx_word' id='word_1_239' title='bbox 1463 1968 1564 2011; x_wconf 83' lang='lat' dir='ltr'><strong>vae</strong></span> <span class='ocrx_word' id='word_1_240' title='bbox 1592 1968 1813 2009; x_wconf 87' lang='lat' dir='ltr'><strong>eorum</strong></span> <span class='ocrx_word' id='word_1_241' title='bbox 1872 1957 2117 2029; x_wconf 86' lang='lat' dir='ltr'><strong>statuae,</strong></span> <span class='ocrx_word' id='word_1_242' title='bbox 2156 1956 2380 2034; x_wconf 81' lang='lat' dir='ltr'><strong>atque,</strong></span> <span class='ocrx_word' id='word_1_243' title='bbox 2413 1942 2648 2027; x_wconf 85' lang='lat' dir='ltr'><strong>Imagi-</strong></span> 
     </span>
     <span class='ocr_line' id='line_1_55' title="bbox 1463 2052 1821 2097; baseline 0.006 -4"><span class='ocrx_word' id='word_1_244' title='bbox 1463 2052 1574 2096; x_wconf 88' lang='lat' dir='ltr'><strong>nes</strong></span> <span class='ocrx_word' id='word_1_245' title='bbox 1604 2052 1821 2097; x_wconf 77' lang='lat' dir='ltr'><strong>simus.</strong></span> 
     </span>
    </p>
   </div>
   <div class='ocr_carea' id='block_1_16' title="bbox 1549 2196 2479 2275">
    <p class='ocr_par' dir='ltr' id='par_1_17' title="bbox 1549 2196 2479 2275">
     <span class='ocr_line' id='line_1_56' title="bbox 1549 2196 2479 2275; baseline 0.004 -21"><span class='ocrx_word' id='word_1_246' title='bbox 1549 2214 1610 2254; x_wconf 83' lang='grc' dir='ltr'><strong>ιι.</strong></span> <span class='ocrx_word' id='word_1_247' title='bbox 1703 2196 2062 2275; x_wconf 83' lang='lat' dir='ltr'><strong>Tamquam</strong></span> <span class='ocrx_word' id='word_1_248' title='bbox 2094 2215 2343 2275; x_wconf 86' lang='lat' dir='ltr'><strong>aurum,</strong></span> <span class='ocrx_word' id='word_1_249' title='bbox 2370 2201 2479 2270; x_wconf 59' lang='grc'><strong>8-0.</strong></span> 
     </span>
    </p>
   </div>
   <div class='ocr_carea' id='block_1_17' title="bbox 1631 2402 2465 2519">
    <p class='ocr_par' dir='ltr' id='par_1_18' title="bbox 1631 2402 2465 2519">
     <span class='ocr_line' id='line_1_57' title="bbox 1631 2402 2465 2519; baseline 0 -9"><span class='ocrx_word' id='word_1_250' title='bbox 1631 2446 1729 2510; x_wconf 86' lang='lat' dir='ltr'><strong>IN</strong></span> <span class='ocrx_word' id='word_1_251' title='bbox 1760 2402 1887 2514; x_wconf 84' lang='grc' dir='ltr'>ιιι,</span> <span class='ocrx_word' id='word_1_252' title='bbox 1934 2445 2465 2519; x_wconf 84' lang='lat' dir='ltr'><strong>NOOTURNO.</strong></span> 
     </span>
    </p>
   </div>
   <div class='ocr_carea' id='block_1_18' title="bbox 1459 2611 2709 3310">
    <p class='ocr_par' dir='ltr' id='par_1_19' title="bbox 1459 2611 2709 3186">
     <span class='ocr_line' id='line_1_58' title="bbox 1563 2611 2652 2707; baseline 0.005 -23"><span class='ocrx_word' id='word_1_253' title='bbox 1563 2611 1825 2685; x_wconf 82' lang='lat' dir='ltr'><strong>Homil.</strong></span> <span class='ocrx_word' id='word_1_254' title='bbox 1869 2612 1947 2684; x_wconf 91' lang='lat' dir='ltr'><strong>in</strong></span> <span class='ocrx_word' id='word_1_255' title='bbox 1977 2613 2272 2707; x_wconf 83' lang='lat' dir='ltr'><strong>Evang.</strong></span> <span class='ocrx_word' id='word_1_256' title='bbox 2305 2613 2652 2689; x_wconf 81' lang='lat' dir='ltr'><strong>Descen-</strong></span> 
     </span>
     <span class='ocr_line' id='line_1_59' title="bbox 1463 2712 2681 2802; baseline 0.003 -18"><span class='ocrx_word' id='word_1_257' title='bbox 1463 2713 1654 2784; x_wconf 90' lang='lat' dir='ltr'><strong>dens</strong></span> <span class='ocrx_word' id='word_1_258' title='bbox 1725 2712 1981 2784; x_wconf 89' lang='lat' dir='ltr'><strong>Jesus·</strong></span> <span class='ocrx_word' id='word_1_259' title='bbox 2029 2714 2125 2784; x_wconf 91' lang='lat' dir='ltr'><strong>de</strong></span> <span class='ocrx_word' id='word_1_260' title='bbox 2198 2714 2490 2802; x_wconf 77' lang='lat' dir='ltr'><strong>Monte,</strong></span> <span class='ocrx_word' id='word_1_261' title='bbox 2565 2716 2681 2788; x_wconf 79' lang='lat' dir='ltr'><strong>de-</strong></span> 
     </span>
     <span class='ocr_line' id='line_1_60' title="bbox 1461 2813 2709 2908; baseline 0.004 -24"><span class='ocrx_word' id='word_1_262' title='bbox 1461 2813 1602 2884; x_wconf 83' lang='lat' dir='ltr'><strong>eod·</strong></span> <span class='ocrx_word' id='word_1_263' title='bbox 1646 2813 1915 2886; x_wconf 82' lang='lat' dir='ltr'><strong>Comm.</strong></span> <span class='ocrx_word' id='word_1_264' title='bbox 1946 2813 2035 2885; x_wconf 92' lang='lat' dir='ltr'><strong>In</strong></span> <span class='ocrx_word' id='word_1_265' title='bbox 2092 2814 2457 2908; x_wconf 73' lang='lat' dir='ltr'><strong>Quadrog.</strong></span> <span class='ocrx_word' id='word_1_266' title='bbox 2503 2819 2639 2890; x_wconf 77' lang='lat' dir='ltr'><strong>IX.</strong></span> <span class='ocrx_word' id='word_1_267' title='bbox 2702 2831 2709 2836; x_wconf 84' lang='grc'><strong>’</strong></span> 
     </span>
     <span class='ocr_line' id='line_1_61' title="bbox 1462 2911 2641 3006; baseline 0.003 -22"><span class='ocrx_word' id='word_1_268' title='bbox 1462 2912 1703 2985; x_wconf 82' lang='lat' dir='ltr'><strong>Lectio</strong></span> <span class='ocrx_word' id='word_1_269' title='bbox 1740 2911 2241 3006; x_wconf 82' lang='lat' dir='ltr'><strong>Homil.ferioe</strong></span> <span class='ocrx_word' id='word_1_270' title='bbox 2293 2939 2521 3002; x_wconf 83' lang='lat' dir='ltr'><strong>occur,</strong></span> <span class='ocrx_word' id='word_1_271' title='bbox 2561 2915 2641 2988; x_wconf 82' lang='lat' dir='ltr'><strong>de</strong></span> 
     </span>
     <span class='ocr_line' id='line_1_62' title="bbox 1459 3014 2644 3203; baseline 0.003 -118"><span class='ocrx_word' id='word_1_272' title='bbox 1459 3037 1604 3200; x_wconf 53' lang='lat' dir='ltr'><strong>{Za</strong></span> <span class='ocrx_word' id='word_1_273' title='bbox 1639 3015 1774 3186; x_wconf 40' lang='grc' dir='ltr'><strong>ξι.</strong></span> <span class='ocrx_word' id='word_1_274' title='bbox 1788 3014 2165 3203; x_wconf 35' lang='lat' dir='ltr'><strong>Colmmtfvm.</strong></span> <span class='ocrx_word' id='word_1_275' title='bbox 2228 3014 2307 3087; x_wconf 80' lang='lat' dir='ltr'><strong>in</strong></span> <span class='ocrx_word' id='word_1_276' title='bbox 2369 3015 2644 3088; x_wconf 80' lang='lat' dir='ltr'><strong>Laudi-</strong></span> 
     </span>
    </p>

    <p class='ocr_par' dir='ltr' id='par_1_20' title="bbox 1549 3137 2133 3186">
     <span class='ocr_line' id='line_1_63' title="bbox 1549 3137 2133 3186; baseline 0.002 -1"><span class='ocrx_word' id='word_1_277' title='bbox 1549 3137 1582 3185; x_wconf 85' lang='lat' dir='ltr'><strong>s</strong></span> <span class='ocrx_word' id='word_1_278' title='bbox 1641 3138 1676 3185; x_wconf 83' lang='lat' dir='ltr'><strong>e</strong></span> <span class='ocrx_word' id='word_1_279' title='bbox 1743 3137 1819 3186; x_wconf 80' lang='lat' dir='ltr'><strong>in</strong></span> <span class='ocrx_word' id='word_1_280' title='bbox 2068 3139 2133 3186; x_wconf 67' lang='lat' dir='ltr'><strong>es</strong></span> 
     </span>
    </p>

    <p class='ocr_par' dir='ltr' id='par_1_21' title="bbox 1557 3139 2644 3310">
     <span class='ocr_line' id='line_1_64' title="bbox 1557 3139 2644 3310; baseline 0.002 -26"><span class='ocrx_word' id='word_1_281' title='bbox 1557 3213 1641 3284; x_wconf 81' lang='lat' dir='ltr'><strong>Si</strong></span> <span class='ocrx_word' id='word_1_282' title='bbox 1660 3214 1786 3284; x_wconf 73' lang='lat' dir='ltr'><strong>hoc</strong></span> <span class='ocrx_word' id='word_1_283' title='bbox 1788 3213 2069 3306; x_wconf 82' lang='lat' dir='ltr'><strong>festum</strong></span> <span class='ocrx_word' id='word_1_284' title='bbox 2093 3139 2463 3286; x_wconf 59' lang='grc' dir='ltr'><strong>εζῖεόνείαν</strong></span> <span class='ocrx_word' id='word_1_285' title='bbox 2476 3225 2644 3310; x_wconf 77' lang='lat' dir='ltr'><strong>post</strong></span> 
     </span>
    </p>
   </div>
   <div class='ocr_carea' id='block_1_19' title="bbox 1455 3309 2730 3511">
    <p class='ocr_par' dir='ltr' id='par_1_22' title="bbox 1455 3309 2730 3511">
     <span class='ocr_line' id='line_1_65' title="bbox 1456 3309 2642 3408; baseline 0.004 -28"><span class='ocrx_word' id='word_1_286' title='bbox 1456 3309 1738 3385; x_wconf 73' lang='lat' dir='ltr'><strong>Pascha</strong></span> <span class='ocrx_word' id='word_1_287' title='bbox 1778 3311 2110 3408; x_wconf 86' lang='lat' dir='ltr'><strong>Officium</strong></span> <span class='ocrx_word' id='word_1_288' title='bbox 2136 3313 2230 3406; x_wconf 77' lang='lat' dir='ltr'><strong>fit</strong></span> <span class='ocrx_word' id='word_1_289' title='bbox 2290 3313 2371 3384; x_wconf 84' lang='lat' dir='ltr'><strong>de</strong></span> <span class='ocrx_word' id='word_1_290' title='bbox 2437 3313 2642 3385; x_wconf 80' lang='lat' dir='ltr'><strong>Com</strong></span> 
     </span>
     <span class='ocr_line' id='line_1_66' title="bbox 1455 3412 2730 3511; baseline 0.003 -30"><span class='ocrx_word' id='word_1_291' title='bbox 1455 3413 1662 3484; x_wconf 82' lang='lat' dir='ltr'><strong>muni</strong></span> <span class='ocrx_word' id='word_1_292' title='bbox 1683 3412 2171 3508; x_wconf 82' lang='lat' dir='ltr'><strong>plurimorum</strong></span> <span class='ocrx_word' id='word_1_293' title='bbox 2213 3412 2664 3507; x_wconf 62' lang='grc' dir='ltr'>Μανίμιιιηί</span> <span class='ocrx_word' id='word_1_294' title='bbox 2722 3501 2730 3511; x_wconf 39' lang='lat'><strong>·</strong></span> 
     </span>
    </p>
   </div>
   <div class='ocr_carea' id='block_1_20' title="bbox 1445 3510 2641 3609">
    <p class='ocr_par' dir='ltr' id='par_1_23' title="bbox 1445 3510 2641 3609">
     <span class='ocr_line' id='line_1_67' title="bbox 1445 3510 2641 3609; baseline 0.001 -25"><span class='ocrx_word' id='word_1_295' title='bbox 1445 3525 1764 3609; x_wconf 71' lang='lat' dir='ltr'><strong>tempore</strong></span> <span class='ocrx_word' id='word_1_296' title='bbox 1824 3510 2191 3585; x_wconf 74' lang='lat' dir='ltr'><strong>Pasckali</strong></span> <span class='ocrx_word' id='word_1_297' title='bbox 2215 3521 2484 3608; x_wconf 80' lang='lat' dir='ltr'><strong>proeter</strong></span> <span class='ocrx_word' id='word_1_298' title='bbox 2536 3535 2641 3599; x_wconf 82' lang='lat' dir='ltr'><strong>ea,</strong></span> 
     </span>
    </p>
   </div>
   <div class='ocr_carea' id='block_1_21' title="bbox 1454 3610 2638 3710">
    <p class='ocr_par' dir='ltr' id='par_1_24' title="bbox 1454 3610 2638 3710">
     <span class='ocr_line' id='line_1_68' title="bbox 1454 3610 2638 3710; baseline -0.002 -25"><span class='ocrx_word' id='word_1_299' title='bbox 1454 3637 1605 3710; x_wconf 81' lang='lat' dir='ltr'><strong>quae</strong></span> <span class='ocrx_word' id='word_1_300' title='bbox 1641 3612 1746 3684; x_wconf 81' lang='lat' dir='ltr'><strong>bic</strong></span> <span class='ocrx_word' id='word_1_301' title='bbox 1784 3612 2253 3706; x_wconf 78' lang='lat' dir='ltr'><strong>assignantur</strong></span> <span class='ocrx_word' id='word_1_302' title='bbox 2298 3610 2638 3708; x_wconf 79' lang='lat' dir='ltr'><strong>propria.</strong></span> 
     </span>
    </p>
   </div>
   <div class='ocr_carea' id='block_1_22' title="bbox 188 3767 2681 3879">
    <p class='ocr_par' dir='ltr' id='par_1_25' title="bbox 188 3767 2681 3879">
     <span class='ocr_line' id='line_1_69' title="bbox 188 3767 2681 3879; baseline -0 -25"><span class='ocrx_word' id='word_1_303' title='bbox 188 3787 490 3871; x_wconf 85' lang='lat' dir='ltr'><strong>Elogium</strong></span> <span class='ocrx_word' id='word_1_304' title='bbox 519 3790 587 3854; x_wconf 88' lang='lat' dir='ltr'><strong>in</strong></span> <span class='ocrx_word' id='word_1_305' title='bbox 619 3767 1075 3879; x_wconf 53' lang='lat' dir='ltr'><strong>Martjrologio</strong></span> <span class='ocrx_word' id='word_1_306' title='bbox 1133 3794 1473 3863; x_wconf 89' lang='lat' dir='ltr'><strong>dicendum</strong></span> <span class='ocrx_word' id='word_1_307' title='bbox 1531 3796 1630 3860; x_wconf 88' lang='lat' dir='ltr'><strong>die</strong></span> <span class='ocrx_word' id='word_1_308' title='bbox 1695 3793 1909 3860; x_wconf 90' lang='lat' dir='ltr'><strong>XXV.</strong></span> <span class='ocrx_word' id='word_1_309' title='bbox 1966 3814 2079 3876; x_wconf 92' lang='lat' dir='ltr'><strong>pro</strong></span> <span class='ocrx_word' id='word_1_310' title='bbox 2112 3793 2361 3864; x_wconf 92' lang='lat' dir='ltr'><strong>XXVI</strong></span> <span class='ocrx_word' id='word_1_311' title='bbox 2394 3789 2639 3858; x_wconf 82' lang='lat' dir='ltr'><strong>Martii.</strong></span> <span class='ocrx_word' id='word_1_312' title='bbox 2679 3781 2681 3784; x_wconf 50' lang='grc'>’</span> 
     </span>
    </p>
   </div>
   <div class='ocr_carea' id='block_1_23' title="bbox 167 3958 2716 4232">
    <p class='ocr_par' dir='ltr' id='par_1_26' title="bbox 190 3958 2716 4220">
     <span class='ocr_line' id='line_1_70' title="bbox 199 3958 2692 4048; baseline 0.002 -30"><span class='ocrx_word' id='word_1_313' title='bbox 199 4011 206 4018; x_wconf 92' lang='grc'><em>.</em></span> <span class='ocrx_word' id='word_1_314' title='bbox 273 3958 584 4042; x_wconf 78' lang='lat' dir='ltr'><strong>Solemnis</strong></span> <span class='ocrx_word' id='word_1_315' title='bbox 621 3962 1150 4028; x_wconf 72' lang='lat' dir='ltr'><strong>commemoratio</strong></span> <span class='ocrx_word' id='word_1_316' title='bbox 1186 3965 1587 4043; x_wconf 74' lang='lat' dir='ltr'><strong>Sanctorum,</strong></span> <span class='ocrx_word' id='word_1_317' title='bbox 1619 3984 1893 4048; x_wconf 82' lang='lat' dir='ltr'><strong>quorum</strong></span> <span class='ocrx_word' id='word_1_318' title='bbox 1930 3965 2235 4048; x_wconf 84' lang='lat' dir='ltr'><strong>Corpora,</strong></span> <span class='ocrx_word' id='word_1_319' title='bbox 2283 3971 2400 4028; x_wconf 84' lang='lat' dir='ltr'><strong>aut</strong></span> <span class='ocrx_word' id='word_1_320' title='bbox 2458 3961 2643 4026; x_wconf 85' lang='lat' dir='ltr'><strong>Reli-</strong></span> <span class='ocrx_word' id='word_1_321' title='bbox 2690 4045 2692 4048; x_wconf 9' lang='grc' dir='ltr'><em>Α</em></span> 
     </span>
     <span class='ocr_line' id='line_1_71' title="bbox 167 4043 2716 4134; baseline 0.003 -30.064"><span class='ocrx_word' id='word_1_322' title='bbox 167 4043 346 4125; x_wconf 83' lang='lat' dir='ltr'><strong>·q&#39;uioe</strong></span> <span class='ocrx_word' id='word_1_323' title='bbox 373 4043 447 4107; x_wconf 88' lang='lat' dir='ltr'><strong>in</strong></span> <span class='ocrx_word' id='word_1_324' title='bbox 479 4045 797 4109; x_wconf 84' lang='lat' dir='ltr'><strong>Ecclesiis-</strong></span> <span class='ocrx_word' id='word_1_325' title='bbox 823 4048 1084 4111; x_wconf 78' lang='lat' dir='ltr'><strong>Ordinis</strong></span> <span class='ocrx_word' id='word_1_326' title='bbox 1114 4049 1493 4112; x_wconf 77' lang='lat' dir='ltr'><strong>Beatissimi</strong></span> <span class='ocrx_word' id='word_1_327' title='bbox 1533 4049 1831 4134; x_wconf 84' lang='lat' dir='ltr'><strong>Virginis</strong></span> <span class='ocrx_word' id='word_1_328' title='bbox 1863 4047 2210 4114; x_wconf 70' lang='lat' dir='ltr'><strong><em>MARIAE</em></strong></span> <span class='ocrx_word' id='word_1_329' title='bbox 2270 4049 2341 4112; x_wconf 77' lang='lat' dir='ltr'><strong>de</strong></span> <span class='ocrx_word' id='word_1_330' title='bbox 2394 4044 2639 4114; x_wconf 81' lang='lat' dir='ltr'><strong><em>MER-</em></strong></span> <span class='ocrx_word' id='word_1_331' title='bbox 2712 4091 2716 4096; x_wconf 91' lang='lat'><em>-</em></span> 
     </span>
     <span class='ocr_line' id='line_1_72' title="bbox 196 4127 1898 4232; baseline 0.005 -43"><span class='ocrx_word' id='word_1_332' title='bbox 196 4127 444 4191; x_wconf 77' lang='lat' dir='ltr'><em>CEDE</em></span> <span class='ocrx_word' id='word_1_333' title='bbox 470 4128 946 4216; x_wconf 80' lang='lat' dir='ltr'><strong>Redemptionis</strong></span> <span class='ocrx_word' id='word_1_334' title='bbox 984 4133 1406 4232; x_wconf 81' lang='lat' dir='ltr'><strong>Captivorum</strong></span> <span class='ocrx_word' id='word_1_335' title='bbox 1434 4139 1898 4200; x_wconf 77' lang='lat' dir='ltr'><strong>asservantur.</strong></span> 
     </span>
    </p>
   </div>
   <div class='ocr_carea' id='block_1_24' title="bbox 3281 652 3377 4179">
    <p class='ocr_par' dir='ltr' id='par_1_27' title="bbox 3281 652 3377 4179">
     <span class='ocr_line' id='line_1_73' title="bbox 3281 652 3377 4179; baseline 0 0"><span class='ocrx_word' id='word_1_336' title='bbox 3281 652 3377 4179; x_wconf 95' lang='lat' dir='ltr'><strong> </strong></span> 
     </span>
    </p>
   </div>
  </div>
 </body>
</html>
