3408 4926
1309 172 1681 259 FESTA
1786 179 2086 259 ΜΑΠ.

394 290 635 371 tentes
698 284 1065 371 corenam
1169 289 1269 369 de
1332 288 1592 389 spinis,

390 395 913 495 imposuerunt
965 394 1206 493 capiti
1252 398 1435 490 ejus·
1488 395 1593 470 Et

391 499 714 600 reliqua.

392 604 741 679 Homilia
778 602 850 678 S.
885 600 1284 702 Augustini
1340 598 1595 699 Episc-

494 703 751 781 Tra&
797 707 965 782 116.
999 710 1073 781 in
1108 706 1491 804 Joannem.

602 807 722 884 Oc
746 808 1028 884 Pilatus
1060 833 1209 885 non
1244 808 1349 883 ob
1388 808 1601 885 aliud

592 910 921 988 fecisse
984 911 1411 989 credendus
1458 926 1604 1003 est,

391 1016 531 1089 nisi
565 1031 648 1091 ut
680 1014 839 1109 ejus
872 1014 1161 1111 injuriis
1200 1013 1446 1112 Judaei
1476 1036 1603 1089 sa-

391 1116 613 1208 tieti,
645 1118 999 1194 sufficere
1036 1118 1182 1192 sibi
1218 1116 1597 1193 existime-

393 1237 613 1313 rent,
658 1218 740 1297 δι
779 1243 1009 1320 usque
1052 1222 1151 1296 ad
1198 1223 1353 1315 ejus
1384 1243 1597 1295 mor-

393 1335 555 1399 tem
612 1325 880 1401 saevire
934 1322 1404 1401 desisterent.
1467 1322 1595 1398 Ad

390 1427 546 1502 hoc
612 1426 947 1523 pertinet
981 1484 1007 1521 ,
1100 1423 1304 1526 qued
1385 1426 1596 1500 idem

391 1550 669 1625 praeses
692 1528 1098 1605 cohbrtem
1122 1549 1334 1602 suam
1358 1527 1599 1601 etiam

388 1632 741 1727 permisit
785 1634 1043 1708 facere
1077 1653 1241 1728 quae
1271 1626 1598 1726 sequun-

390 1746 561 1823 tur,
627 1748 760 1807 aut
816 1734 1155 1809 fortassis
1216 1732 1296 1807 &
1352 1732 1595 1827 jussit,

386 1834 763 2011 3333‘2‘2
772 1840 924 2014 ἓξὲξ
940 1833 1601 2037 ξῖἒξὲἒῗῑέἑὲ

389 2040 488 2113 de
529 2038 852 2116 fecerint
894 2043 1218 2132 milites,
1270 2040 1593 2119 Pilatum

384 2152 649 2219 tamen
700 2144 781 2219 id
816 2143 1117 2241 Jussisse
1167 2166 1316 2219 non
1367 2145 1589 2222 dixit.

390 2249 481 2326 Bl-
500 2242 851 2322 Christus
874 2270 1125 2343 passus
1154 2263 1267 2321 est
1300 2268 1440 2341 pro
1464 2270 1588 2323 no·

385 2343 549 2437 bis,
603 2344 825 2421 vobis
862 2346 1291 2445 relinquens
1325 2348 1583 2423 exem·

388 2447 649 2545 plum,
701 2463 788 2524 ut
816 2449 1232 2547 sequemini
1269 2449 1589 2549 vestigia

390 2551 583 2643 ejus:
616 2550 661 2597 *
684 2550 839 2639 Qui
868 2553 1273 2645 peccatum
1302 2573 1450 2624 non
1484 2553 1592 2627 fe-

392 2653 533 2743 cit,
566 2673 711 2726 nec
746 2651 1095 2728 inventus
1126 2666 1238 2725 est
1272 2651 1533 2725 dolus
1511 2675 1589 2728 m

388 2773 525 2830 ore
592 2754 747 2846 ejus
777 2810 803 2847 ,
868 2751 1206 2828 alleluia.
1278 2749 1371 2829 JV.
1436 2753 1590 2847 Qui

390 2855 573 2934 cum
598 2857 1186 2936 malediceretur
1202 2913 1226 2947 ,
1252 2879 1404 2932 non
1434 2879 1587 2934 ma·

393 2958 779 3036 ledicebat
826 2985 851 3053 ς
912 2958 1093 3036 cum
1168 2961 1585 3055 pateretur,

388 3086 539 3140 non
567 3061 1198 3141 comminabatur.
1226 3061 1379 3153 Qui
1407 3087 1583 3159 pec-

386 3167 671 3242 catum.
716 3167 1175 3242 Benedifiio.
1206 3165 1581 3243 Divinum

391 3264 784 3344 auxilium.

769 3362 1028 3439 Leffio
1068 3360 1227 3456 viij.

672 3467 990 3560 milites,
1020 3464 1312 3595 inquit,
1360 3465 1583 3564 plec-

609 3574 857 3652 tentes
889 3571 1255 3648 corenam
1292 3572 1394 3645 de
1424 3571 1581 3691 spi-

446 3698 509 3752 1s
541 3675 1057 3775 imposuerunt
1113 3674 1350 3770 capiti
1396 3678 1579 3766 eJus,

508 3797 717 3857 veste
754 3776 1129 3877 purpurea
1158 3775 1580 3853 circumde-

392 3879 669 3960 derunt
704 3905 878 3958 eum
900 3938 922 3971 ,
942 3879 1021 3955 &
1043 3878 1448 3955 veniebant
1479 3880 1580 3955 ad

394 4003 609 4075 eum,
646 3986 727 4062 &
761 3982 1159 4062 dicebant:
1213 3983 1380 4059 Ave
1415 3981 1582 4058 Rex

397 4082 871 4181 Judaebrum,
902 4088 983 4164 ὅτ
1016 4083 1303 4162 dabant
1323 4087 1397 4161 ei
1427 4087 1581 4162 313-

396 4205 559 4284 pas.
592 4185 714 4299 Sic
746 4188 1257 4290 implebantur
1289 4211 1451 4291 quae
1480 4193 1580 4270 de

250 4303 368 4434 τὶ

1696 310 1776 369 se
1812 290 2270 391 praedixerat
2334 292 2684 375 Christus
2702 220 2916 383 1:430

1696 399 2081 497 mertyres
2143 398 2754 480 informabantur
2807 410 2910 483 ad
3055 446 3062 451 ·

1701 498 2025 594 emnia,
2087 525 2278 601 quae·
2289 503 2755 599 persecuteri
2809 510 2911 583 li·

1710 602 1992 681 buisset
2063 608 2358 697 facere,
2431 608 2912 707 perferenda,

1702 708 1816 784 sic
1855 707 2289 805 paulisper,
2330 709 2718 785 occultata
2753 729 2914 790 tre-

1709 809 1985 886 menda
2021 810 2396 929 potentia,
2423 818 2911 891 commenda-

1709 910 1932 989 batur
1969 916 2175 1011 prius
2209 913 2578 990 imitenda
2607 917 2912 1012 patien-

1703 1016 1840 1108 tia·
1873 1017 1980 1093 sie
2013 1039 2360 1118 regnum,
2380 1019 2584 1115 quod
2619 1021 2718 1096 de
2751 1024 2906 1101 hoc

1706 1123 1992 1194 mundo
2038 1144 2191 1195 non
2238 1135 2451 1211 erat,
2493 1119 2906 1216 superbum

1702 1225 2073 1297 mundum
2103 1245 2257 1299 non
2285 1222 2686 1298 atrocitate
2716 1248 2910 1325 pug-

1699 1324 1980 1417 nandi,
2034 1328 2168 1401 sed
2204 1323 2542 1425 patiendi
2589 1327 2907 1403 humili-

1702 1426 1863 1502 tate
1896 1427 2303 1507 vincebat:
2347 1426 2456 1501 sic
2498 1428 2689 1502 illud
2721 1453 2904 1528 gra·-

1701 1550 1886 1602 num
1945 1530 2611 1627 multiplicandum
2669 1532 2906 1607 semi-

1702 1628 2029 1706 trabatur
2085 1630 2441 1707 horribili
2465 1672 2472 1677 ·
2501 1633 2903 1734 contume-

1700 1730 1849 1909 lila,
1884 1751 1967 1811 ut
2002 1732 2338 1811 mirabili
2369 1732 2784 1831 pullularet
2814 1737 2898 1817 in

1700 1857 1753 1934 g
1785 1834 1973 1914 etia.

1707 1942 1796 2017 Bz.
1819 1940 2112 2017 Milites
2129 1937 2466 2038 praesidis
2492 1940 2899 2038 suscipien-

1702 2053 1810 2115 tes
1832 2042 2146 2139 Jesum
2124 2065 2200 2117 ιο
2222 2039 2686 2139 praeterium,
2709 2068 2894 2121 con-

1696 2146 2212 2244 gregaverunt
2252 2147 2350 2220 ad
2381 2168 2554 2225 eum
2589 2148 2893 2225 univer·

1692 2267 1858 2319 sam
1902 2244 2348 2339 cohertem,
2399 2246 2480 2323 &
2531 2249 2892 2329 exuentes

1692 2368 1897 2439 eum,
1926 2350 2453 2466 chlamydem·
2447 2350 2891 2427 coccineam

1690 2448 2362 2526 circumdederunt
2386 2450 2479 2525 ei.
2505 2452 2548 2500 ‘⁸‘
2566 2450 2666 2525 Et
2685 2451 2895 2548 plec-

1696 2547 1942 2624 tentes
2007 2552 2372 2627 cordnam
2468 2551 2566 2624 de
2632 2554 2894 2650 spinis,

1694 2651 2107 2746 posuerunt
2152 2673 2376 2746 super
2418 2667 2650 2747 caput
2705 2658 2888 2750 ejus,

1692 2751 2030 2831 alleluia.
2098 2756 2188 2832 w.
2219 2753 2647 2832 Genufiexo
2705 2775 2885 2836 ante

1691 2878 1895 2945 eum,
1932 2857 2358 2935 illudebant
2385 2857 2885 2952 ei,·dicentes:
2937 2911 2954 2922 -

1689 2960 1860 3035 Ave
1883 2959 2047 3037 Rex
2069 2962 2529 3059 Judaedrum.
2547 2961 2647 3036 Et
2675 2963 2882 3060 plec-

1686 3059 1956 3141 tentes.
1992 3061 2270 3143 Gleria
2297 3061 2529 3142 Patri.
2555 3061 2656 3141 Et
2674 3067 2882 3163 plec-

1684 3163 1953 3241 tentes.

1690 3366 2008 3552 Exiit
2064 3391 2251 3472 ergo
2311 3373 2522 3471 Jesus
2565 3387 2878 3468 portans

1893 3471 2282 3550 Cordnam
2327 3474 2725 3568 spineam,
2789 3478 2878 3552 ὅτ

1686 3573 2151 3672 purpureum
2185 3574 2754 3650 vestimentum:
2788 3578 2874 3656 δε

1683 3676 1876 3752 dicit
1906 3679 2012 3752 eis
2043 3676 2356 3750 Pilatus:
2383 3674 2590 3752 Ecce
2615 3678 2872 3757 homo.

1684 3777 1838 3852 Hic
1873 3778 2236 3876 apparet,
2290 3800 2437 3853 non
2470 3779 2871 3878 ignorante

1684 3877 1933 3955 Pilato
1963 3883 2127 3958 haec
2161 3881 2204 3955 3
2236 3878 2601 3959 militibus
2645 3885 2872 3981 faeta,

1682 3981 1843 4058 sive
1868 3982 2169 4078 Jusserit
2202 4007 2334 4073 ea,
2385 3985 2546 4062 sive
2582 3943 2874 4085 permi:

1686 4086 1869 4163 serit
1917 4139 1942 4181 ,
2031 4087 2167 4164 illa
2242 4087 2538 4165 scilicet
2617 4115 2874 4186 causa,

1684 4209 1912 4298 quam
1941 4197 2168 4291 supra
2193 4190 2566 4290 diximus,
2597 4208 2681 4271 ut
2711 4199 2878 4268 haec

2721 4294 2881 4384 ejus

2089 3267 2346 3345 Leeiio
2387 3268 2491 3344 ix.
