3408 4926
1195 614 1402 685 DIE
1473 608 1797 681 XXVI.
1852 604 2321 676 MARTII.

1587 798 1666 851 IN
1717 794 1945 851 FESTO

587 956 1451 1047 Commemorationi8
1542 955 1714 1037 SS.
1796 951 2342 1061 Martyrum,
2419 962 2499 1029 et
2570 948 2955 1030 aliorum

639 1082 1188 1174 Sanctorum,
1229 1098 1602 1181 quornm
1704 1066 2124 1171 Corpora,
2186 1074 2261 1143 et
2320 1061 2752 1170 Reliquiae
2804 1065 2902 1144 in

773 1191 1196 1272 Ecclesiis
1259 1185 1630 1267 Ordinis
1683 1184 1793 1265 B.
1861 1178 1965 1261 V.
2010 1176 2142 1257 Μ.
2184 1175 2284 1255 de
2345 1175 2765 1273 Mercede,

880 1301 1520 1406 Redemptionis
1591 1293 2159 1398 Captivorum
2239 1292 2660 1373 coluntur.

1370 1740 1780 1815 DUPLEX
1816 1736 2177 1811 MAJUS.

641 2173 877 2234 Omnia
907 2172 978 2234 de
1017 2172 1356 2235 Communi
1411 2170 1734 2253 plurimo-

547 2278 700 2321 rum
719 2256 1130 2338 Martyrum,
1143 2262 1370 2339 praeter
1383 2252 1734 2338 sequentia.

945 2506 1342 2570 OREMUS.

641 2759 827 2842 Auge
857 2755 927 2819 in
957 2755 1154 2837 nobie,
1187 2755 1480 2836 Domine,
1534 2775 1739 2820 resur-

551 2839 846 2904 metionis
880 2840 1094 2920 fidem,
1126 2839 1232 2921 qui
1263 2841 1332 2902 in
1367 2841 1743 2903 Sanctorum

553 2937 809 3002 tuorum
841 2923 1146 3006 Reliquiis
1179 2922 1490 2985 mirabilia
1520 2944 1741 3005 opera-

553 3009 659 3088 ris3
690 3020 756 3071 et
785 3011 884 3070 fao
943 3028 1054 3072 nos
1112 3006 1473 3071 immortalis
1525 3006 1742 3087 gloriae

553 3091 916 3174 participes,
949 3091 1129 3172 cujus
1158 3089 1222 3153 in
1250 3111 1465 3153 eorum
1516 3090 1742 3152 cineri-

554 3176 672 3270 bus
704 3172 973 3257 pignora
1001 3193 1396 3258 veneramur.
1460 3174 1578 3238 Per
1612 3175 1743 3236 Do-

561 3279 825 3323 minum.
1488 3280 1494 3286 ·

562 3512 643 3575 In
677 3513 732 3575 Ι.
765 3511 963 3576 Noct.
997 3511 1278 3577 Lection.
1308 3512 1605 3575 'Fi-atres:
1636 3510 1745 3576 de·

558 3596 809 3678 bitoreS,
843 3597 963 3658 &c-

766 3827 862 3915 'IN
893 3851 984 3917 11.
1021 3849 1544 3915 Noc'rURNO.

649 4097 759 4162 Ex
796 4107 1067 4164 tractatu
1088 4099 1154 4163 S.
1184 4098 1451 4166 Joannis
1481 4101 1751 4166 Damas-

565 4177 714 4247 oeni
740 4179 818 4244 de
849 4179 969 4244 fide
1004 4181 1392 4248 orthodoxa.
1450 4232 1459 4242 .

872 4265 1012 4330 Mb.
1044 4266 1110 4331 4.
1171 4287 1310 4350 cap·
1343 4268 1448 4335 16.

2219 2189 2303 2231 LE
2313 2190 2459 2231 CTIO
2506 2190 2597 2233 1v.

1912 2334 2195 2400 Christus
2256 2332 2561 2398 Dominus
2622 2332 3006 2399 Sanctorum

1826 2419 2148 2504 Reliquias
2196 2421 2374 2483 velut
2424 2416 2775 2484 salutiferos
2805 2421 3009 2484 fontes

1826 2505 2119 2592 praebuit,
2178 2527 2263 2567 ex
2315 2502 2539 2586 quibus
2599 2503 2871 2587 plurima
2928 2503 3011 2567 ad

1824 2613 1939 2655 nos
1998 2588 2309 2654 beneficia
2366 2600 2652 2669 manant,
2713 2588 3011 2658 suavissi-

1826 2693 2127 2757 mumque
2152 2685 2552 2755 unguentum
2570 2671 2843 2758 profluit.
2873 2674 3015 2736 Nec

1824 2765 1972 2824 vero
2003 2757 2338 2844 quisquam
2358 2757 2507 2820 huic
2536 2756 2803 2820 sermoni
2830 2757 3027 2821 fidem.

1826 2843 2141 2906 detrahat.
2208 2843 2374 2905 Nam
2402 2841 2451 2904 si
2482 2862 2649 2923 aqua
2678 2841 2745 2903 in
2775 2841 3015 2905 deserto

1828 2951 1909 2992 ex
1936 2947 2182 3008 aspera,
2235 2936 2304 2990 et
2353 2925 2549 2988 solida
2581 2946 2759 3007 rupe,
2823 2938 3013 3008 atque

1826 3033 1911 3073 ex
1970 3009 2129 3072 asini
2201 3009 2456 3073 maxilla
2529 3010 2609 3071 ad
2667 3010 3015 3072 sedandam

1829 3093 2193 3175 Sampsonis
2224 3093 2411 3173 sitim,
2444 3095 2581 3154 Deo
2610 3092 2701 3153 ita
2731 3094 3014 3176 volente,

1831 3176 2119 3263 prosiliit,
2163 3175 2282 3258 erit
2308 3195 2417 3257 ne,
2450 3197 2556 3240 cur
2586 3176 2884 3258 cuiquam
2917 3176 3014 3238 in-

1828 3262 2123 3326 credibile
2180 3260 2492 3340 videatur,
2525 3282 2605 3324 ex
2654 3262 3031 3341 Martyrum-

1831 3346 2141 3428 Reliquiis
2200 3367 2394 3408 suave
2447 3356 2852 3426 unguentum
2884 3365 3019 3407 sca-

1832 3431 2053 3497 turire?
2105 3429 2379 3495 Minime
2440 3442 2603 3494 certe
2632 3429 2705 3492 iis
2737 3427 3018 3512 quidem,

1833 3515 2057 3598 quibus
2112 3516 2233 3579 Dei
2291 3513 2606 3598 potentia,
2668 3513 3019 3595 honorque,

1833 3621 1957 3681 quo
2012 3601 2271 3663 Sanctos
2312 3619 2459 3663 suos
2488 3599 2696 3678 afficit,
2729 3618 3022 3680 perspec-

1834 3694 1957 3764 ωε,
1987 3694 2054 3745 et
2081 3683 2447 3770 exploratus
2470 3695 2602 3752 esu
2621 3687 2832 3765 Atque
2860 3681 3021 3744 illud

1822 3767 2085 3854 ,quidem
2142 3767 2339 3830 veteri
2398 3767 2537 3849 lege
2589 3777 3024 3850 comparatum

1836 3862 1991 3933 erat,
2023 3863 2097 3915 ut
2124 3851 2405 3938 quisquis
2447 3863 2767 3916 mortuum
2826 3847 3023 3912 conti-

1833 3935 2047 4018 gisset,
2080 3935 2450 4002 immundus
2474 3946 2849 4003 censeretur.
2894 3933 3023 3997 Ve-

1835 4041 1973 4084 rum
2001 4019 2068 4082 in
2122 4041 2390 4085 numero
2440 4031 2818 4086 mortuorum
2846 4016 3041 4085 mini--

1836 4125 1942 4168 me
1972 4103 2257 4168 habendi
2286 4103 2459 4174 sunt.

1924 4293 1989 4337 a.
2086 4271 2309 4337 Sancti
2340 4270 2456 4355 tui,
2490 4273 2609 4337 διο.
