3408 4926
766 549 1007 591 an‘rlo
1051 550 1120 593 V·

425 696 656 777 Itaque
683 714 724 757 a
755 694 992 757 Sancto
1015 695 1204 759 Petro
1235 695 1532 775 Nolasco,

309 779 448 861 qui
487 776 898 843 anchinonae
955 798 1230 862 praesens
1289 779 1530 861 aderat,

315 861 572 925 Ordini
629 861 1000 944 adscriptus,
1051 861 1350 928 virtutum
1401 884 1531 927 om·

307 948 523 1010 nium
551 945 846 1011 exercitio
897 966 962 1007 se
1022 957 1220 1010 totum
1263 946 1530 1011 addixit.

319 1030 730 1111 Orationem,
791 1028 1212 1095 humilitatem
1235 1076 1254 1111 ,
1329 1030 1531 1095 carnis

315 1112 910 1191 mortificationem,
947 1124 1012 1175 et
1041 1114 1388 1179 castitatem
1417 1116 1532 1181 im·

313 1205 540 1281 pense
591 1196 810 1262 coluit.
879 1196 1100 1261 Divini
1152 1198 1432 1279 honoris,
1463 1210 1530 1261 et

312 1282 560 1345 salutis
589 1280 940 1347 animarum
997 1282 1140 1345 zelo
1167 1302 1528 1365 succensus,

317 1366 554 1451 plures
587 1371 623 1427 a
655 1363 950 1431 vitiorum
1007 1386 1190 1431 coeno
1219 1367 1298 1430 ad
1331 1366 1527 1431 virtu-

310 1464 486 1527 tem,
515 1447 915 1533 perditasque
961 1451 1256 1517 mulieres
1272 1450 1356 1515 ad
1389 1472 1524 1533 poe·

311 1532 668 1596 nitentium
698 1534 1038 1597 revocavit.
1093 1534 1394 1597 Ordinem
1419 1554 1522 1595 su-

315 1638 464 1697 um,
495 1616 706 1697 longtis
737 1617 934 1679 etiam
989 1615 1323 1677 itineribus
1377 1634 1527 1676 sus-

317 1699 558 1793 ceptis,
588 1715 654 1760 et
683 1700 1022 1777 laboribus,
1074 1697 1360 1794 flagellis,
1389 1718 1524 1781 pro-

321 1786 478 1845 br1s=
493 1780 724 1844 eximia
751 1781 1054 1865 patientia
1079 1781 1380 1860 toleratis,
1411 1780 1524 1845 mi·

323 1866 514 1927 rifice
547 1864 947 1947 propagavit.
997 1862 1376 1949 Iniuriarum
1407 1866 1524 1929 im·-

325 1968 594 2026 memor,
622 1947 1114 2029 persecutoribus
1167 1948 1292 2009 suis
1321 1948 1525 2013 bene-

325 2029 482 2093 ficia
511 2031 854 2114 rependere
885 2032 1235 2096 consuevit.
1287 2034 1520 2118 Hospi-

325 2112 478 2177 talis
509 2113 574 2176 in
626 2120 956 2201 pauperes,
1009 2140 1156 2200 erga
1217 2118 1518 2201 Captivos

315 2200 522 2261 effiise
554 2200 912 2279 misericors,
944 2203 1162 2280 crucis,
1187 2215 1253 2262 et
1285 2216 1518 2280 marty-

319 2306 402 2347 τη
437 2282 597 2342 adeo·
656 2281 946 2361 cupidus,
999 2295 1071 2343 ut
1099 2282 1166 2343 in
1225 2281 1518 2347 familiari

317 2384 616 2430 sermone
647 2381 796 2426 cum·
822 2364 890 2425 S·
926 2364 1302 2450 Raymundo
1337 2366 1516 2427 Non·

314 2462 508 2529 nato,
538 2469 725 2530 quem
766 2445 886 2512 sibi
916 2447 1516 2532 conjunctissimum,

318 2546 394 2597 et
423 2536 494 2596 in
524 2533 656 2595 vita
685 2531 996 2614 spirituali
1037 2533 1364 2596 alumnum
1399 2533 1514 2594 ha-

320 2616 492 2700 buit,
579 2615 762 2680 illiud
822 2616 1132 2701 Apostoli,
1191 2616 1520 2680 occasione

322 2701 505 2784 data,
563 2721 734 2784 saepe
793 2711 1144 2784 usurpater:
1175 2700 1362 2783 cupio
1391 2701 1514 2762 dis-

319 2786 513 2868 solvi,
545 2795 606 2848 et
635 2805 766 2849 esse
825 2807 966 2850 cum
1026 2783 1297 2864 Christ03
1360 2786 1514 2856 mih-i

319 2869 502 2933 enim
527 2871 747 2934 vivere
780 2870 1060 2934 Christus
1090 2881 1206 2950 est,
1265 2880 1332 2931 et
1361 2869 1513 2934 moi-i

325 2955 598 3018 lucrum.
1429 2985 1436 2992 ·
1507 2979 1518 2986 ·

415 3038 500 3100 R.
593 3037 902 3120 Serapion
962 3037 1366 3102 vehementer
1395 3057 1513 3100 an*

323 3121 694 3205 helans2pro
723 3123 979 3188 nomine
1011 3125 1162 3188 Jesu
1193 3135 1512 3187 contume-

323 3205 478 3268 liam
497 3206 654 3287 pati,
671 3219 738 3267 et
753 3210 994 3270 tradere
1017 3207 1290 3269 animam
1311 3226 1512 3286 suam,

329 3287 786 3366 Raymundum
807 3288 1514 3370 alloquebatur,dicens.·.

327 3370 520 3454 cupio
549 3369 822 3454 dissolvi,
866 3387 932 3436 et
961 3393 1093 3436 esse
1113 3393 1266 3436 vcum
1300 3372 1515 3435 ch'ris-

329 3469 416 3520 to:
481 3456 517 3492 '¹‘
583 3455 744 3521 Mihi
771 3456 937 3521 enim
967 3456 1180 3521 vivere
1227 3455 1516 3521 Christus

329 3550 447 3618 est,
479 3551 540 3602 et
555 3540 707 3604 mori
740 3539 1006 3607 lucrum.
1509 3569 1516 3578 ·

325 3707 395 3769 in
447 3719 666 3787 nocte3⁷
687 3708 834 3790 ¹sed,
884 3721 972 3773 et⁵
995 3709 1223 3792 spiritu
1275 3709 1518 3787 meoin

322 3790 678 3876 praecordiis
737 3791 888 3881 meis
911 3792 990 3856 de
1020 3812 1208 3857 mane
1237 3793 1513 3876 vigilabo

323 3871 404 3934 ad
435 3884 542 3936 te.'
610 3874 780 3942 Mihi
817 3877 1001 3940 enim.

663 4063 668 4070 ’
735 4067 989 4110 ch‘rlo-
1007 4065 1104 4110 VI·

415 4205 585 4272 Hine
607 4157 1000 4274 aass'assms
1021 4165 1394 4276 Infidelium-
1407 4183 1506 4276 1³0-

1559 450 1600 517 5

589 3627 823 3688 Anima
852 3647 992 3689 mea
1047 3593 1512 3690 desideravitte
1563 3610 1566 3615 ¹

1619 528 1839 613 giones
1868 526 1949 589 ad
1982 527 2283 611 Captivos
2300 528 2685 599 redimendos
2709 554 2807 597 se·

1617 612 1743 675 mel
1772 622 1961 693 atque
2004 612 2225 677 iterum
2285 614 2685 681 libentissime
2742 636 2809 681 se

1618 693 1907 770 contulit3
1936 695 2136 759 donec
2170 697 2450 779 Algariae
2478 696 2545 762 iu
2592 699 2815 764 Africa

1619 777 1906 861 Captivis
1955 779 2289 863 plusquam
2340 781 2665 864 octoginta
2713 804 2809 845 re-

1617 862 1913 944 demptis,
1930 874 1995 925 et
2018 865 2087 927 in
2118 864 2493 947 Hispaniam
2524 888 2667 933 cum
2688 869 2811 931 Be-

1617 945 1908 1028 rengario
1934 946 2105 1009 socio
2136 951 2421 1030 remissis,
2465 950 2623 1033 ipse,
2654 951 2811 1013 defi-

1612 1029 1819 1095 ciente
1841 1030 2313 1113 Redemptionis
2335 1034 2559 1116 pretio,
2580 1055 2692 1119 pro
2709 1038 2809 1097 re-

1615 1113 1805 1196 liquis
1863 1112 2139 1179 obsidem
2172 1137 2305 1180 sese
2359 1118 2611 1198 obtulit,
2644 1117 2804 1183 etin

1613 1199 1981 1263 servitutem
2008 1198 2275 1265 addixit.
2306 1200 2589 1285 Cumque
2612 1202 2805 1267 libere

1611 1282 2027 1347 nihilominus
2078 1305 2291 1353 veram
2338 1286 2524 1353 fidem
2554 1307 2804 1353 annun-

1614 1364 1821 1447 tiaret,
1854 1378 1915 1431 et
1993 1368 2156 1433 lures
2188 1370 2441 1434 Christo
2472 1372 2804 1435 lucriface-

1611 1461 1731 1528 ret,
1762 1452 1845 1511 ab
1876 1450 1939 1513 in
1982 1451 2203 1530 ignato
2232 1454 2601 1515 Maurorum
2621 1452 2808 1516 Prae-

1611 1531 1744 1593 side
1774 1533 2050 1591 vinculis
2082 1531 2353 1623 primum
2382 1530 2710 1615 adstringi,
2730 1537 2799 1599 in

1607 1618 1913 1675 carcerem
1946 1613 2132 1695 trudi,
2155 1627 2217 1678 et
2234 1615 2651 1679 crudelissime
2675 1640 2796 1681 cae-

1607 1695 1670 1759 di
1692 1695 1972 1776 jubetur.
2010 1698 2165 1763 Mox
2195 1698 2401 1782 eapite
2440 1700 2793 1780 damnatus,

1605 1791 1671 1841 et
1700 1778 1864 1842 cruci
1918 1782 2165 1861 affixus,
2222 1784 2481 1863 singulis
2542 1789 2793 1849 artuum

1605 1862 2013 1946 compagibus
2070 1864 2453 1931 articulatim
2507 1866 2793 1950 concisis,

1605 1944 1670 2008 in
1704 1967 1779 2009 ea
1830 1951 2128 2013 oratione:
2188 1952 2286 2015 Ne
2339 1952 2544 2015 tradas
2574 1950 2787 2016 bestiis
2856 1981 2867 1991 ·

1606 2030 1847 2095 animas
1876 2036 2253 2099 confitentes
2284 2034 2420 2103 tibi:
2449 2038 2642 2101 Salva
2661 2036 2793 2100 Do-

1602 2116 1769 2181 mine
1801 2118 2060 2201 animas,
2116 2142 2269 2204 quas
2322 2122 2594 2206 pretioso
2646 2128 2796 2187 san-

1599 2200 1795 2289 guine
1852 2203 2187 2282 redemisti,
2249 2205 2511 2268 dissecto
2564 2206 2793 2287 jugulo

1601 2292 1816 2358 Vlctor,
1850 2302 2019 2343 anno
2046 2284 2300 2345 Domini
2325 2287 2652 2349 millesimo
2675 2287 2791 2347 du-

1601 2362 1947 2427 centesimo
1978 2365 2453 2445 quadragesimo
2512 2368 2594 2433 ad
2623 2388 2785 2434 mar-

1602 2443 1747 2526 tyrii
1778 2467 2077 2512 eoronam
2108 2449 2401 2514 evolavit.

1685 2613 1767 2680 R.
1860 2617 1914 2678 O
1939 2616 2103 2680 bona
2122 2637 2299 2695 crux,
2318 2617 2783 2702 quaedecoram‚

1600 2715 1674 2757 ac
1704 2697 2230 2782 pulchritudinem
2251 2701 2326 2764 de
2344 2703 2626 2765 membris
2650 2707 2783 2768 Do·-

1599 2780 1751 2852 mini
1781 2782 2117 2867 suscepieti:
2181 2784 2395 2867 accipe
2424 2807 2524 2849 me
2556 2788 2637 2850 ab
2668 2789 2751 2852 ho

1601 2865 1901 2946 minibus,
1964 2877 2027 2929 et
2084 2867 2269 2932 redde
2324 2891 2423 2936 me
2482 2871 2788 2954 Magistro

1599 2969 1767 3028 me03
1806 2952 1841 2986 '¹‘
1876 2951 1968 3015 Ut
1998 2973 2105 3034 per
2151 2964 2213 3016 te
2244 2973 2340 3017 me
2364 2954 2649 3038 recipiat,
2674 2957 2784 3040 qui

1599 3054 1709 3118 per
1740 3047 1801 3098 te
1831 3057 1931 3101 me
1959 3036 2247 3110 redemit,

1683 3120 1766 3186 V.
1856 3123 2089 3184 Beatus
2122 3121 2427 3207 Serapiou
2480 3145 2565 3186 ex
2616 3124 2794 3188 ansis.

1597 3202 1887 3266 manibus
1917 3203 1997 3266 ad
2028 3207 2263 3270 eoelum
2293 3209 2547 3290 orabat,
2596 3209 2783 3276 icens:

1601 3285 1795 3347 Salva
1824 3307 1927 3350 me
1952 3289 2113 3352 bona
2141 3309 2316 3355 crux.
2411 3292 2499 3354 Ut
2550 3313 2667 3374 per
2694 3305 2786 3360 te.

1601 3368 1819 3434 Gloria
1840 3370 2034 3436 Patri.
2064 3372 2155 3435 Ut
2174 3378 2287 3454 per
2307 3383 2395 3436 te.

1768 3573 2023 3688 i-N-Iil.
2090 3585 2637 3688 NocTURNo(

1603 3751 1648 3849 -ι
1682 3789 1957 3873 statiph·
2050 3744 2347 3854 Gladium
2396 3755 2789 3870 evaginavelr

1594 3883 1743 3936 r-ant
1756 3883 2144 3954 peccatores,
2169 3873 2603 3957 utdejicerent
2620 3895 2783 3957 pau-z

1593 3977 1827 4038 penem,
1858 3967 1925 4020 et
1952 3954 2243 4038 inope-1113.
2298 3971 2369 4022 ut
2395 3957 2789 4026 trueidarenc

1585 4040 1847 4122 justum,
1876 4040 2088 4124 pium,
2110 4055 2173 4108 et
2202 4055 2437 4106 rectum
2456 4043 2667 4114 corde.
2766 4075 2789 4086 ·-

1677 4127 1921 4192 Psalm.
1970 4124 2355 4193 In.D6mino
2377 4129 2657 4198 confido..

1607 4235 1653 4262 -·
1679 4209 1965 4295 antiph...
2022 4210 2381 4280 Pecuniam·
2421 4235 2599 4283 suam
2648 4234 2777 4280 nou
